3230 5052
703 503 914 584 --00--Ι

258 699 398 743 necesse
423 685 483 744 est.
532 678 635 760 Quod
660 681 765 745 etiam
789 680 912 749 ultimo
928 702 1030 747 versu
1053 683 1229 769 probatur,
1255 704 1325 768 quo

258 783 411 850 Rufinus
451 785 533 852 dicit
561 786 728 852 Plautum
767 794 800 852 01
835 787 928 853 1111110
963 795 1084 874 poetas
1118 787 1173 854 his
1207 791 1325 855 metris

257 909 339 957 usos
364 914 447 958 esse.
494 892 585 958 Nam
610 915 691 958 cum
716 893 807 959 dicat
825 894 888 960 ‘his
903 896 1042 974 metris,
1067 895 1180 984 pluria
1197 897 1324 981 cogitat

258 1021 365 1084 quam
400 1021 513 1065 unum
547 1001 743 1066 trimetrum
776 1000 980 1085 legitimum.
1027 1001 1175 1068 Versum
1203 1003 1324 1089 hippo-

256 1112 421 1171 nactcum
457 1114 588 1186 autem,
626 1109 688 1193 qui
721 1108 828 1194 paulo
864 1115 943 1174 ante
978 1116 1206 1196 pertractatus
1242 1119 1322 1190 erat,

257 1213 327 1278 huc
351 1236 533 1280 numerare
558 1215 742 1295 nonlicet,
769 1217 852 1301 quia
867 1214 1019 1280 Rufinus
1041 1215 1173 1281 11111116
1199 1217 1241 1283 de
1264 1217 1324 1282 illo

256 1326 383 1386 metro:
410 1322 539 1401 utitur,
564 1323 690 1406 inquit,
719 1322 909 1408 Hipponax
931 1322 998 1387 hoc
1021 1326 1152 1388 metro'.
1200 1324 1323 1409 ltaque

258 1449 381 1492 censeo
420 1427 609 1493 nonnullos
647 1451 766 1495 versus
806 1435 886 1494 ante
923 1451 1020 1509 eum,
1069 1451 1140 1515 quo
1178 1430 1323 1496 Plautus

255 1535 466 1614 nominatur,
485 1535 679 1616 desiderari,
705 1536 771 1601 1160
788 1557 979 1622 quoquere
997 1543 1201 1617 commotus,
1227 1537 1324 1623 quod

256 1642 361 1706 trium
403 1663 568 1708 versuum
613 1642 682 1707 duo
721 1643 845 1708 iisdem
883 1641 952 1708 iere
991 1643 1105 1709 verbis
1149 1645 1322 1730 incipiunt

257 1749 375 1813 ‘utitur
408 1749 599 1834 Hipponax
632 1749 699 1814 hoc
733 1753 853 1815 metro'
889 1756 922 1815 et
959 1751 1077 1816 ‘utitur
1100 1749 1154 1814 his
1177 1749 1322 1816 Plautus

255 1856 392 1920 metris'.
926 1923 928 1928 ,
1070 1851 1073 1856 ’

362 1963 594 2028 Transeamus
630 1963 675 2028 ad
704 1984 822 2028 versus
845 1986 878 2049 p.
904 1964 1029 2049 551116,
1057 1964 1185 2050 quibus
1209 1965 1322 2048 agitur

257 2069 492 2155 ί11611011111110,
518 2070 646 2155 quibus
670 2070 755 2136 haec
780 2072 974 2137 consistunt
997 2075 1132 2136 metra':

254 2253 256 2258 ,
299 2176 466 2263 Dactylus
495 2183 555 2242 6111
587 2177 764 2263 spondeus
793 2178 884 2243 inest
908 2177 962 2245 vel
986 2199 1104 2243 cursor
1126 2178 1273 2258 iambus,
1343 2213 1346 2218 ·

299 2291 359 2348 aut
384 2291 593 2370 anapaestus
618 2285 681 2350 erit
704 2286 809 2370 positi
833 2285 1029 2350 discrimine
1053 2285 1150 2350 nullo

298 2389 456 2476 partibus
471 2391 509 2454 in
531 2392 656 2476 quinis.
681 2413 765 2458 nam
789 2399 868 2478 post
892 2392 980 2458 celer
1004 2399 1114 2458 exstat
1137 2392 1275 2457 iambus

298 2498 535 2584 pyrrichiusre
560 2499 650 2563 citus
673 2496 783 2563 finem
807 2498 1012 2568 concludere
1036 2499 1153 2584 possit.

253 2623 294 2686 ln
330 2644 480 2708 quorum
515 2645 680 2688 versuum
704 2624 954 2709 compositione
978 2621 1150 2687 Rufinum
1173 2622 1320 2688 alterum

253 2729 370 2795 locum
405 2730 573 2795 Victorini
608 2751 712 2815 supra
746 2752 779 2816 p.
805 2731 826 2794 8
860 2731 1005 2795 citatum
1041 2737 1200 2795 secutum
1242 2752 1316 2795 esse

252 2837 323 2902 iam
357 2837 492 2902 Keilius
526 2838 709 2922 perspexit.
757 2837 861 2901 Keilii
896 2837 1105 2901 sententiam
1140 2857 1203 2920 ego
1239 2837 1271 2901 h.
1297 2837 1318 2902 l.

254 2945 398 3009 omnino
422 2944 542 3029 probe,
572 2945 773 3030 praesertim
798 2965 879 3008 cum
902 2950 1048 3028 uterque
1072 2944 1319 3026 grammaticus

253 3051 454 3137 tribrachyn
477 3051 603 3137 pedem
627 3052 789 3116 omiserit.
813 3097 815 3105 ,
838 3050 906 3116 Sed
930 3051 1098 3135 quoniam
1121 3050 1319 3116 Victorinus

253 3158 295 3223 de
320 3158 443 3224 ultimo
466 3159 613 3224 trimetri
633 3158 721 3245 pede
742 3180 815 3223 non
832 3158 1001 3237 disseruit,
1027 3157 1205 3242 quaeritur
1225 3156 1319 3222 unde

253 3267 439 3351 sumpserit
451 3264 604 3330 Rufinus
621 3266 810 3344 scientiam,
829 3266 1023 3330 trimetrum
1041 3263 1203 3329 concludi
1217 3285 1319 3349 posse

251 3379 324 3440 tam
347 3373 466 3438 iambo
492 3394 599 3457 quam
622 3372 804 3458 pyrrichio
853 3372 945 3436 Eum
967 3371 1033 3436 hac
1058 3391 1199 3455 quoquc
1222 3371 1260 3434 in
1283 3391 1319 3434 re

251 3479 420 3545 Victorini
443 3480 548 3545 verba
573 3500 788 3565 quamquam
813 3500 885 3544 non
908 3478 976 3543 loci
999 3478 1042 3543 ab
1063 3478 1139 3563 ipso
1157 3476 1319 3562 descripti

253 3594 333 3652 61110
358 3587 477 3652 oeulos
500 3587 665 3652 habuisse
688 3585 877 3669 intelleges,
914 3587 943 3650 si
976 3584 1098 3668 legeris
1121 3584 1220 3650 Marii
1244 3605 1318 3651 sen-

251 3695 397 3760 tentiam
436 3716 468 3779 p.
506 3695 558 3773 80,
572 3739 610 3778 11,
651 3693 713 3759 ubi
749 3701 855 3758 ‘sexto
890 3692 975 3772 1000,
1012 3693 1136 3777 inquit,
1174 3690 1318 3776 quidam

251 3801 374 3867 volunt
412 3802 520 3887 recipi
560 3801 783 3886 pariambum
822 3822 862 3865 ea
901 3798 1207 3885 contemplatione,
1237 3820 1319 3883 qua

251 3908 378 3974 herous
401 3909 440 3972 in
463 3908 587 3974 ultimo
610 3908 824 3973 trochaeum'
856 3914 890 3972 61
913 3929 946 3992 p.
973 3907 1046 3986 132,
1060 3951 1098 3991 21,
1136 3925 1206 3991 quo
1240 3904 1318 3970 loco

251 4023 389 4081 sextum
423 4015 550 4102 pedem
575 4037 710 4100 semper
745 4021 806 4080 aut
828 4014 986 4079 iambum
1010 4034 1083 4078 csse
1108 4008 1235 4078 debere'
1257 4021 1318 4077 aut

250 4123 473 4208 pariambum
509 4123 618 4188 docet.
671 4122 831 4186 Fortasse
850 4181 851 4186 ,
867 4120 992 4186 dixeris
1026 4120 1153 4206 pedem
1188 4141 1208 4183 6
1242 4118 1318 4184 Vic-

250 4231 364 4299 torino
385 4231 617 4317 pariambum
648 4229 862 4315 pyrrichium
886 4249 906 4294 a
929 4225 1060 4293 Rufino
1095 4227 1317 4292 nominatum

251 4359 334 4404 esse.
383 4337 452 4404 Sed
468 4339 667 4405 Victorinus
682 4338 749 4424 ipsi
772 4359 804 4423 p.
823 4337 875 4416 44,
890 4358 934 4420 18:
961 4333 1173 4420 ‘pyrrichius
1190 4333 1314 4418 inquit,
