3230 5052
651 494 820 556 47.-

202 671 319 756 Atque
343 672 428 755 quia
452 671 489 735 in
513 692 573 735 sex
595 669 732 736 fabulas
756 667 995 736 commentarii
1019 674 1092 738 eins
1112 675 1271 753 citantur,

202 799 265 864 pro
289 778 466 843 verisimili
490 799 625 843 sumere
648 799 835 863 possumus
860 778 1043 845 Sisennam
1078 781 1116 844 in
1151 802 1272 846 omnes

203 885 318 951 Plauti
353 885 550 950 comoedias
586 885 821 970 composuisse
860 887 1137 966 commentarios,
1177 909 1272 973 prae-

203 993 321 1057 sertim
345 1013 426 1057 cum
450 992 523 1056 eius
548 991 787 1057 commentarii
807 992 846 1056 in
870 993 998 1076 primas
1023 995 1110 1058 etin
1132 994 1272 1060 ultimas

203 1098 341 1165 fabulas
364 1099 597 1164 Varronianus
622 1096 820 1163 afferantur.

309 1206 426 1291 Atque
451 1227 514 1289 ego
538 1206 611 1272 viro
636 1204 737 1270 docto
761 1203 897 1270 reddidi
930 1226 1060 1272 nomen
1085 1208 1270 1273 Cornelii

205 1313 380 1391 Sisennae,
420 1333 636 1398 quamquam
668 1312 802 1377 codices
826 1313 949 1398 optimi
983 1313 1126 1379 tradunt
1152 1314 1272 1380 ‘Cinna

205 1420 360 1485 Sisenna'
386 1419 441 1485 vel
465 1419 562 1504 quod
584 1420 622 1484 in
646 1419 797 1484 editione
823 1418 952 1484 Aldina
975 1420 1100 1504 legitur
1117 1421 1272 1487 ‘Sisenna

205 1527 336 1592 Cinna’.
390 1526 599 1592 Ritschelius
623 1525 771 1590 Cinnam
794 1527 930 1610 putavit
965 1528 1121 1613 scriptori
1145 1529 1270 1608 deberi,

206 1635 267 1719 qui
292 1633 496 1722 ‘Sisennam'
521 1631 609 1698 ialso
633 1633 779 1716 legisset.
838 1631 915 1713 Qua
939 1632 981 1697 de
1007 1655 1110 1699 causa
1134 1636 1185 1700 vir
1209 1636 1272 1701 cla-

204 1741 360 1806 rissimus
395 1761 526 1805 nomen
563 1739 714 1805 ‘Cinnae'
751 1737 885 1804 delevit.
949 1737 1017 1804 Sed
1056 1762 1272 1826 quamquam

205 1855 347 1934 apparet
370 1847 542 1913 Rufinum
567 1847 621 1911 hic
645 1867 760 1931 neque
784 1845 829 1910 ad
853 1845 1000 1910 Cinnam
1024 1848 1108 1912 iuris
1133 1849 1271 1934 scripto-

204 1976 287 2034 rem,
313 1956 374 2039 qui
398 1954 601 2039 aPompeio
625 1954 663 2017 in
687 1952 827 2036 digestis
850 1953 1053 2019 nominatus
1071 1962 1130 2034 est,
1156 1977 1271 2040 neque

204 2061 249 2126 ad
272 2062 438 2128 Helvium
463 2061 611 2127 Cinnam
634 2066 775 2145 poetam
797 2081 912 2144 neque
937 2059 982 2124 ad
1006 2059 1170 2127 Catulum
1195 2063 1271 2128 Cin-

203 2191 286 2234 nam
310 2169 458 2234 stoicum
481 2167 741 2254 philosophum,
766 2174 1076 2233 commemoratum
1105 2169 1142 2232 in
1165 2171 1271 2234 Marci

203 2275 290 2340 libro
319 2277 366 2357 εἰς
389 2275 513 2340 ἑαυτόν
546 2274 573 2353 l,
611 2273 651 2337 13
687 2280 720 2338 et
755 2273 843 2337 Hist.
879 2272 967 2356 Aug.
992 2274 1095 2339 Marc.
1132 2276 1269 2360 1V,3‚„

205 2383 421 2468 spectavisse,
445 2388 565 2446 tamen
589 2380 755 2446 audacius
779 2379 866 2444 mihi
889 2401 962 2444 esse
986 2380 1123 2447 videtur
1140 2403 1270 2447 nomen

200 2497 316 2555 totum
353 2488 474 2554 delere.
522 2489 675 2553 Tantum
711 2487 808 2552 abest
832 2508 874 2550 ex
897 2508 974 2551 mea
1010 2489 1191 2568 sententia,
1232 2497 1270 2554 ut

203 2619 245 2662 ex
270 2596 437 2661 Sisennae
462 2596 604 2660 nomine
628 2615 758 2659 nomen
783 2593 913 2658 Cinnae
937 2601 1051 2658 ortum
1077 2596 1129 2675 sit,
1166 2605 1204 2661 ut
1229 2619 1270 2662 ex

203 2704 271 2769 alio
307 2704 449 2769 nomine
486 2710 565 2768 ante
605 2701 788 2767 Sisennam
827 2701 952 2786 scripto
990 2701 1120 2767 librarii
1159 2725 1269 2769 en'ore

202 2810 333 2876 Cinnae
358 2832 487 2876 nornen
512 2808 707 2892 evaderetl).
744 2809 866 2892 ltaque
883 2829 1006 2872 censeo
1022 2809 1113 2874 hanc
1129 2831 1268 2892 gravem

202 2919 433 3004 corruptelam
469 2924 581 2982 ortam
605 2938 678 2982 esse
703 2937 744 2980 ex
771 2913 936 2980 Sisennae
972 2916 1114 2980 nomine
1149 2916 1271 2999 gentili

202 3023 371 3103 Cornelio,
409 3045 489 3089 cum
523 3024 683 3089 librarius
719 3021 764 3088 ad
788 3021 969 3087 Sisennam
1004 3042 1134 3087 nomen
1165 3023 1270 3108 paulo

203 3129 346 3196 celerius
371 3131 480 3196 oculis
505 3131 685 3196 aberraret.

312 3255 365 3321 Sic
391 3257 496 3321 etiam
521 3255 676 3320 ‘Caelius’
700 3276 764 3340 pro
789 3253 919 3318 ‘Cinna'
944 3255 981 3318 in
1005 3253 1155 3318 editione
1179 3254 1270 3338 prin-

203 3363 279 3449 cipe
304 3363 437 3429 Veneta
461 3362 608 3428 traditus
631 3359 730 3426 facile
756 3360 948 3426 declaratur
964 3383 1006 3424 ex
1021 3358 1107 3424 falsa
1123 3359 1270 3425 lectione

203 3469 404 3556 compendii
439 3468 596 3535 Cornelii.
655 3468 834 3532 Praeterea
868 3464 1019 3531 Ruiinus
1054 3485 1127 3530 non
1164 3465 1270 3531 modo

203 3577 251 3642 Fl.
278 3577 438 3662 Caprum,
464 3576 526 3642 sed
550 3577 654 3641 etiam
671 3575 831 3640 Caesium
854 3573 1001 3639 Bassum
1026 3580 1059 3638 ot
1083 3571 1270 3638 Caecilium

204 3684 387 3749 Vindicem
411 3683 614 3748 nominibus
638 3681 824 3766 gentilibus
848 3681 972 3746 attulit.

309 3808 497 3874 Aemilium
513 3808 689 3893 Asprum
705 3808 979 3890 grammaticum,
1006 3806 1104 3871 cuius
1122 3812 1271 3870 aetatem

201 3913 349 3982 delinire
373 3913 515 3980 diiiicile
551 3922 612 3994 est,
648 3922 686 3979 ut
710 3914 774 3979 viri
809 3912 901 3977 docti
935 3913 1000 3977 hac
1034 3913 1072 3976 in
1095 3934 1130 3976 re
1155 3911 1270 3977 adhuc

311 4148 339 4216 1)
361 4148 569 4200 Commemoro
592 4163 639 4199 me
667 4147 700 4198 in
728 4152 897 4197 transcursu
924 4145 1068 4210 cogitasse
1097 4143 1133 4194 de
1165 4142 1270 4194 Sinnio

203 4253 321 4304 quoque
341 4238 494 4304 Capitone,
515 4237 706 4304 grammatico
727 4236 831 4288 aetatis
850 4233 984 4300 Augusti,
1014 4231 1065 4298 qui
1092 4249 1108 4283 a
1127 4231 1270 4297 Pompeio

135 4375 137 4380 .
200 4327 285 4380 GLK
303 4329 328 4379 V
347 4344 375 4394 p.
397 4326 448 4380 110
467 4333 495 4379 et
516 4343 532 4378 a
553 4326 650 4378 Gellio
671 4329 917 4390 commemoratus
937 4329 990 4375 est.

592 4421 593 4426 ¹
1093 4427 1109 4479 2
