3230 5052
773 492 949 555 ,26-

328 669 381 749 (01.
407 692 439 754 p.
466 670 566 754 572„
592 691 634 733 ex
657 669 764 733 Bruto
789 669 853 751 32).
880 669 970 733 Eum
994 690 1157 733 numeros
1181 669 1393 734 moderatius

327 777 572 862 temperavisse
609 797 716 860 quam
752 774 916 859 Gorgiam
950 775 1097 859 legimus
1131 798 1164 861 p.
1199 777 1273 855 574,
1288 820 1316 860 ,6
1352 799 1393 841 ex

328 884 501 948 Ciceronis
525 890 607 948 orat.
636 882 708 948 176.
752 881 867 968 Atque
891 884 1048 949 Isocratis
1073 883 1234 968 discipuli
1256 882 1393 968 Epho-

327 1012 395 1055 rus
420 997 453 1054 et
475 990 708 1055 Naucrates
732 988 920 1055 laudantur
943 1012 975 1075 p.
1002 991 1118 1075 570,20
1147 1012 1189 1054 ex
1213 996 1295 1055 orat.
1331 990 1392 1054 172

330 1097 504 1162 ‘orationis
527 1095 707 1161 faciendae
743 1103 776 1161 et
800 1097 976 1162 ornandae
1008 1105 1164 1162 auctores
1199 1097 1393 1182 locupletis·

329 1205 477 1288 simiquc
500 1204 568 1289 ipsi
592 1207 763 1282 oratores',
790 1225 940 1288 quorum
962 1205 1055 1289 prior
1079 1205 1184 1270 etiam
1218 1225 1250 1289 p.
1277 1205 1393 1288 57T,1„

328 1312 530 1376 nominatur
563 1310 726 1375 laudator
763 1311 907 1395 paeonis
947 1312 1116 1396 aptissimi
1154 1311 1302 1376 orationi
1339 1311 1395 1376 rel

329 1419 453 1483 orienti
487 1418 542 1482 rel
576 1417 712 1483 mediae
749 1417 943 1482 secundum
979 1417 1044 1482 Cio.
1083 1424 1165 1482 orat.
1203 1419 1277 1498 218,
1310 1417 1395 1483 alter

328 1525 494 1590 orationis
517 1545 723 1590 numerosae
747 1525 784 1588 in
808 1525 1010 1589 uuiversum
1033 1546 1066 1610 p.
1086 1526 1159 1604 572,
1173 1569 1202 1609 23
1225 1547 1394 1590 unacum

328 1632 477 1696 lsocratc
503 1654 544 1696 ex
569 1631 635 1696 010.
663 1631 705 1696 (10
730 1639 812 1696 0000.
838 1631 985 1709 1Π,173.

434 1739 516 1803 Jam
540 1739 701 1802 venimus
726 1738 771 1802 ad
786 1737 1074 1817 Aristotelem,
1100 1739 1161 1822 qui
1186 1746 1334 1804 ‘versum
1357 1739 1394 1802 in

329 1845 484 1910 oratione
508 1853 601 1911 vetat
626 1867 708 1924 esse,
734 1866 921 1910 numerum
944 1845 1050 1911 iuhet’
1088 1844 1143 1928 (01.
1160 1868 1193 1932 p.
1212 1847 1286 1925 570,
1300 1891 1328 1930 24
1354 1868 1395 1910 ex

329 1953 604 2035 0100000172).
653 1952 760 2017 Cuius
785 1953 827 2017 de
851 1953 1009 2038 pedibus
1036 1954 1155 2038 quiin
1180 1953 1395 2019 orationibus

328 2057 546 2145 praeferendi
581 2061 659 2138 siut,
697 2061 905 2124 seutentiam
936 2081 977 2124 ex
1000 2057 1122 2123 Rufini
1146 2061 1394 2126 commentario

329 2164 517 2251 perlectam
540 2166 738 2250 intellegere
755 2187 827 2232 non
843 2187 1039 2252 possumne,
1066 2168 1234 2252 quiahoc
1257 2173 1394 2232 tantum

329 2294 371 2337 ex
396 2272 568 2338 Ciceronis
593 2275 727 2359 scriptis
752 2295 936 2339 excussum
960 2281 1020 2353 est,
1051 2273 1147 2359 quod
1172 2273 1339 2339 ‘iambum
1363 2281 1395 2339 et

328 2380 536 2445 trochaeum
578 2363 797 2466 lrequentem
851 2389 1005 2465 segregat
1059 2381 1102 2446 ab
1150 2384 1292 2446 oratore²
1340 2380 1394 2464 (01.

328 2509 360 2572 p.
379 2487 453 2566 568,
467 2532 495 2572 26
520 2511 562 2554 ex
578 2487 644 2553 010.
670 2488 712 2554 (10
737 2496 820 2553 0000.
838 2488 895 2567 ΠΙ,
916 2488 991 2570 182)
1009 2496 1042 2553 00
1059 2487 1154 2573 quod
1170 2509 1345 2573 paeonem
1358 2496 1396 2554 ut

329 2595 503 2679 optimum
537 2595 663 2681 probat
699 2594 753 2678 (01.
790 2618 822 2681 p.
849 2596 950 2680 570,τ
987 2617 1030 2659 ex
1064 2595 1130 2660 010.
1162 2595 1204 2660 (10
1229 2601 1311 2660 orat.
1337 2596 1395 2674 ΠΙ,

331 2700 411 2780 193;
436 2724 468 2787 p.
496 2703 571 2782 557,
585 2747 612 2788 17
639 2725 680 2768 ex
704 2709 788 2768 orat.
815 2704 896 2781 214;
933 2725 965 2788 p.
991 2704 1066 2781 577,
1080 2748 1108 2787 1.,
1133 2725 1175 2767 ex
1199 2709 1281 2767 orat.
1308 2703 1394 2786 218).

328 2807 478 2874 Auditor
502 2811 576 2875 eius
592 2810 868 2891 Theodectes
895 2812 941 2875 ‘in
965 2811 1084 2895 primis
1108 2809 1236 2896 politus
1253 2811 1397 2895 scriptor

329 2923 434 3001 atque
452 2916 595 2997 artifex’,
614 2940 724 3002 aeque
742 2926 846 3003 atque
863 2916 1061 2982 Aristoteles
1077 2939 1216 2982 versum
1236 2917 1273 2980 in
1297 2917 1395 2982 orati-

330 3044 395 3087 one
409 3045 482 3088 non
495 3025 644 3109 probat(
665 3023 687 3088 1.
705 3046 738 3110 p.
764 3024 838 3104 570,
853 3069 880 3108 2,
906 3047 947 3090 ex
964 3024 1030 3090 010.
1049 3025 1233 3106 0000172).
1281 3025 1396 3089 Etiam

329 3130 372 3195 de
385 3152 519 3215 paeone
533 3132 706 3197 consentit
719 3154 799 3196 cum
807 3132 998 3211 Aristotele,
1014 3152 1083 3216 quo
1098 3131 1139 3197 de
1154 3131 1269 3196 denuo
1278 3131 1396 3197 videas

328 3237 445 3302 locum
454 3260 558 3324 supra
567 3238 771 3325 collatump.
782 3240 901 3323 577,,,.
927 3238 1394 3304 ldemtestaturCioeroorat.

331 3345 410 3410 194:
438 3346 562 3432 ‘Atque
579 3347 675 3426 haec,
700 3348 824 3432 inquit,
851 3368 940 3432 quae
958 3354 1038 3412 sunt
1056 3346 1151 3431 apud
1165 3344 1395 3424 Aristotelem,

329 3453 451 3518 eadem
487 3476 506 3520 a
541 3454 781 3540 Theophrasto
805 3454 1071 3538 Theodecteque
1107 3452 1150 3516 de
1180 3473 1312 3537 paeane
1349 3450 1396 3515 di-

330 3563 476 3638 cuntur',
525 3561 619 3625 unde
658 3561 817 3626 ridemus
855 3560 1198 3645 Theophrastum
1245 3580 1394 3644 quoque,

328 3665 413 3730 item
429 3665 621 3732 Aristotelis
639 3667 859 3752 discipulum,
885 3667 928 3731 de
952 3687 1084 3752 paeane
1105 3686 1178 3730 non
1195 3665 1396 3730 dissensisse

330 3773 547 3856 amagistro.
596 3773 876 3859 Theophrastum
912 3780 1029 3838 autem
1065 3772 1106 3838 de
1142 3773 1296 3836 numeris
1325 3793 1396 3836 ora·

329 3889 445 3948 torum
462 3882 654 3946 accuratius
671 3882 778 3964 egisse
796 3901 903 3965 quam
915 3880 1148 3945 Theodectem
1164 3879 1397 3962 intellegimus

330 4012 373 4054 ex
408 3988 474 4054 010.
513 3995 595 4052 0000.
634 3989 654 4073 ξ
681 3989 754 4066 172,
791 4009 898 4072 quam
933 3986 1084 4052 Rufinus
1119 4009 1151 4072 p.
1190 3987 1307 4070 570,.26
1343 4008 1396 4051 ex-

331 4097 473 4183 scripsit.
522 4095 637 4180 Atque
654 4094 885 4180 Theophrasti
909 4095 951 4159 de
976 4095 1130 4158 numeris
1153 4093 1323 4159 iudicium
1347 4094 1397 4158 in·

329 4206 489 4270 venimus
524 4225 556 4289 p.
583 4204 657 4282 571,
672 4247 700 4287 23
737 4224 787 4287 sq.
813 4224 854 4266 cx
879 4202 945 4267 010.
973 4202 1014 4266 de
1040 4209 1122 4266 orat.
1147 4201 1206 4280 ΙΠ,
1234 4202 1297 4264 184
1308 4201 1395 4278 -85,

331 4313 392 4396 qui
407 4311 687 4397 Theophrastum
704 4311 750 4374 ait
767 4317 888 4394 putare
914 4310 1114 4387 orationem,
1141 4329 1229 4392 quae
1254 4307 1397 4392 quidem
