3230 5052
676 503 854 566 „47-

335 680 467 746 Collata
492 703 512 746 a
536 679 666 745 Rufino
691 702 733 745 ex
757 680 937 745 nonnullis
966 681 1199 766 scriptoribus,
1237 683 1298 766 qui

228 790 271 854 de
295 809 459 854 mensura
484 788 696 853 comicorum
713 794 747 852 et
762 789 973 870 tragicorum
988 787 1176 853 latinorum
1194 789 1296 874 scrip·

228 902 355 974 serunt,
380 896 554 980 incipiunt
579 895 622 959 ab
647 893 814 959 Euanthii
837 893 922 974 loce,
952 915 1022 979 quo
1046 894 1102 958 hie
1126 915 1295 977 gramma-

226 1005 316 1068 tions
339 1002 444 1068 tradit
468 1023 536 1081 eos,
573 1002 695 1086 quiin
718 1003 837 1066 metris
863 1001 1021 1066 iambicis
1056 1001 1296 1086 neglegentius

228 1111 368 1194 egerint,
394 1109 591 1174 aTerentio
616 1107 704 1173 adeo
727 1109 837 1173 rietes
861 1129 934 1173 1111
958 1107 1169 1174 resolutione
1190 1109 1297 1174 huius

227 1217 337 1296 metri,
374 1222 413 1280 ut
438 1215 483 1280 ad
505 1216 695 1298 imaginem
730 1236 851 1300 prosae
888 1215 1054 1280 orationis
1084 1215 1293 1300 procederet.

226 1325 349 1408 ltaque
373 1321 541 1387 Euanthii
565 1329 765 1407 excerptum
788 1329 958 1406 tanquam
987 1321 1168 1386 exordium
1202 1321 1294 1401 lacit,

228 1451 299 1515 quo
342 1430 559 1515 propositum
599 1429 847 1514 pronuntiatur
889 1429 1045 1493 locorum
1092 1429 1294 1510 collationis,

227 1559 317 1622 quae
354 1537 521 1620 sequitur.
579 1536 668 1601 Nam
705 1537 823 1600 omnia
855 1534 977 1600 Rufini
1013 1543 1173 1621 excerpta
1209 1536 1297 1600 nihil

228 1642 323 1709 aliud
347 1642 565 1709 contendunt
589 1644 654 1706 uisi
679 1642 756 1706 illos
772 1644 1015 1725 grammaticos
1036 1641 1295 1709 confirmavisse

226 1752 378 1817 Terentii
414 1749 610 1815 comoedias
645 1749 802 1815 versibus
838 1751 1047 1835 compositas
1078 1771 1161 1822 1111,
1199 1751 1296 1834 quod

228 1859 270 1923 de
293 1858 405 1942 Aspro
429 1859 499 1922 iam
524 1879 628 1942 supra
651 1879 683 1942 p.
712 1858 752 1920 18
777 1857 1010 1942 exposuimus,
1056 1855 1153 1937 Quae
1177 1863 1295 1922 autem

228 1963 378 2030 diximus
414 1985 454 2029 eo
489 1964 696 2049 probantur,
739 1963 835 2048 quod
871 1961 1023 2028 Rufinus
1063 1963 1296 2048 complurium

226 2073 531 2156 grammaticorum
568 2071 610 2135 de
647 2070 769 2135 eadem
792 2092 828 2134 re
856 2071 1046 2135 sententias
1082 2071 1293 2156 conseripsit.

226 2179 279 2244 lta
313 2179 378 2244 tria
401 2177 596 2262 fragmenta
622 2177 664 2242 de
687 2199 790 2242 versu
814 2177 964 2242 iambico
1000 2179 1195 2262 septenario
1224 2178 1295 2242 sive

227 2287 359 2351 eomieo
384 2285 553 2370 quadrato
570 2286 769 2370 reperimus,
797 2306 886 2369 quae
903 2285 1021 2349 omnia
1043 2284 1087 2348 ad
1103 2284 1295 2350 Varronem

225 2394 414 2478 pertinent:
441 2391 586 2457 Charisii
602 2391 728 2471 loeum,
747 2412 900 2476 quocum
916 2391 1104 2455 Diomedes
1128 2391 1173 2455 ad
1189 2391 1295 2456 verba

227 2501 385 2584 congruit
410 2497 464 2583 (of.
490 2521 594 2585 supra
618 2521 650 2584 p.
678 2499 732 2582 10)
757 2505 791 2564 et
813 2499 922 2584 ipsius
939 2498 1102 2564 Varronis
1126 2521 1158 2584 p.
1178 2498 1252 2577 556,
1266 2543 1294 2583 ,4

227 2617 269 2689 (v.
296 2629 328 2693 p.
357 2608 419 2691 14),
446 2608 507 2691 qui
530 2613 603 2671 tam
628 2606 796 2671 obscurus
826 2613 885 2685 est,
923 2612 962 2671 ut
997 2607 1055 2671 vix
1089 2607 1294 2691 perspicere-

226 2737 314 2794 mus,
341 2715 407 2778 nisi
430 2714 486 2778 ille
512 2713 734 2778 Charisianus
757 2713 854 2778 loeus
877 2713 1025 2778 traditus
1054 2719 1150 2777 esset.
1205 2713 1294 2776 Nam

227 2844 308 2886 oum
331 2820 389 2886 illa
413 2820 627 2885 Vanoniana
663 2821 736 2884 sine
761 2841 896 2885 conexu
921 2841 940 2884 a
967 2817 1098 2884 Rufino
1135 2826 1295 2904 excerpta

227 2931 304 3008 sint,
330 2930 367 2992 in
392 2927 499 2993 dubio
522 2928 760 3012 relinquimur,
787 2927 873 3012 quid
895 2926 1001 2992 verba
1019 2925 1174 2992 ‘totidem
1196 2926 1294 2990 semi-

226 3036 375 3122 pedibus
411 3035 563 3101 adieotis'
604 3033 809 3118 significent.
872 3033 918 3099 At
953 3033 1098 3099 Chan'sii
1134 3040 1294 3118 excerpto

228 3143 405 3208 11111111-
428 3143 634 3208 Diomedem
658 3143 751 3206 enim
777 3144 967 3215 omisimus,
1004 3142 1134 3226 quippe
1163 3141 1224 3225 qui
1253 3162 1295 3204 ex

228 3251 381 3316 Charisio
406 3251 559 3315 hauserit
582 3289 626 3296 —
650 3271 670 3314 a
693 3250 857 3323 Varrone,
894 3258 933 3313 ut
969 3249 1183 3332 septenarius
1210 3248 1294 3311 iam-

227 3359 325 3423 bious
353 3363 514 3436 oreretur,
551 3356 769 3442 trisyllabum
804 3356 930 3442 pedem
966 3362 1118 3419 extremo
1159 3354 1293 3417 senario

228 3465 454 3531 subiunctum
478 3486 551 3529 esse
577 3465 713 3528 seimus.
763 3463 831 3528 Sed
857 3464 928 3527 iarn
952 3461 1138 3546 quaeritur,
1164 3480 1234 3544 qua
1257 3481 1294 3524 re

227 3573 334 3638 Varro
370 3570 542 3636 adductus
567 3572 619 3650 sit,
656 3579 695 3636 ut
722 3570 940 3656 trisyllabum
975 3567 1102 3654 pedem
1138 3566 1293 3632 ‘totidem

227 3678 429 3764 semipedes'
447 3676 536 3743 inira
549 3679 754 3756 nominaret,
773 3699 853 3742 eum
870 3698 984 3762 neque
1002 3674 1167 3741 ‘totidem'
1180 3696 1242 3760 per
1259 3696 1295 3738 11

226 3794 294 3852 tres
307 3788 385 3865 sint,
399 3807 514 3870 neque
528 3785 614 3870 quid
628 3786 795 3870 ‘semipes'
810 3783 989 3869 significet,
1004 3784 1227 3868 perspicuum
1240 3782 1293 3846 sit.

333 3911 512 3994 Relegavit
535 3932 592 3974 me
614 3920 817 3996 praeceptor
851 3931 950 3974 meus
973 3908 1173 3974 Ludovious
1207 3907 1294 3992 Jeep

227 4017 272 4083 ad
294 4016 473 4083 Diomedis
496 4016 613 4082 locum
637 4015 760 4082 GLKI
784 4017 858 4094 507,
873 4061 910 4100 24,
937 4015 981 4081 ad
1005 4037 1112 4100 quem
1136 4036 1191 4078 me
1228 4014 1293 4078 hae

227 4123 493 4209 quaestiuncula
529 4124 704 4189 elaborata
739 4125 844 4190 etiam
878 4121 1129 4208 Westphalius,
1169 4119 1294 4186 Metrik

227 4231 288 4297 der
323 4229 495 4297 Grieohen
529 4231 580 4307 12,
617 4255 649 4318 p.
688 4232 751 4297 172
786 4231 959 4314 relegavit.
1018 4230 1070 4294 Ex
1106 4249 1146 4292 eo
1182 4226 1295 4292 elueet

226 4339 471 4421 grammaticos
516 4360 601 4404 voee
641 4339 809 4424 ‘semipes'
850 4337 1017 4422 syllabam
1069 4333 1293 4420 eomprehen-
