3230 5052
765 519 942 582 „46-

319 697 380 762 sed
404 696 499 762 dicit:
527 695 577 762 ‘iit
602 704 719 762 autem
742 718 906 782 pessuma
931 695 1095 774 clausula,
1109 696 1137 759 si
1149 716 1211 781 pro
1223 696 1386 760 trochaeo

318 803 533 889 paenultimo
588 803 783 889 spondeum
830 803 1097 888 praelocaveris'.
1161 802 1205 867 Et
1251 824 1331 866 cum
1367 824 1387 867 a

320 911 483 976 Cicerone
517 910 750 976 choriambico
786 909 940 975 clausula
976 931 1048 974 non
1084 916 1385 988 commemoratur,

319 1017 482 1083 concludi
519 1017 598 1082 licet
638 1039 719 1082 eum
757 1018 849 1082 hanc
888 1038 951 1102 pro
985 1016 1079 1081 bona
1114 1037 1187 1080 non
1210 1016 1384 1095 habuisse,

319 1124 415 1210 quod
439 1124 689 1189 demonstravit
716 1123 879 1189 Zielinski
906 1125 943 1188 iu
967 1123 1054 1188 libro
1083 1124 1145 1208 qui
1170 1123 1384 1188 inscribitur:

318 1232 389 1296 Das
428 1231 679 1315 Clauselgesetz
724 1233 762 1295 in
809 1230 944 1296 Ciceros
990 1230 1110 1295 Rcdcn
1157 1230 1238 1316 Lpz.
1262 1229 1385 1309 ¹1904,

318 1361 350 1424 p.
378 1338 441 1402 162
466 1361 515 1424 sq.

426 1462 522 1544 Quae
548 1464 778 1542 cumitasint⁷
804 1462 880 1527 lieri
903 1484 975 1527 non
988 1469 1110 1548 potest,
1137 1463 1222 1546 quin
1236 1460 1386 1526 audeam

319 1570 474 1635 conicere
498 1571 597 1635 illum
635 1571 842 1656 Pompeium
880 1571 1060 1635 Lenaeum
1095 1571 1272 1635 neminem
1312 1590 1385 1633 esse

318 1678 386 1742 nisi
432 1656 639 1764 Pompeium
695 1677 921 1743 Messalinum
978 1675 1109 1742 Rufini.
1169 1676 1263 1741 Bene
1315 1675 1385 1740 scio

318 1786 438 1865 magni
482 1786 653 1850 momenti
699 1807 771 1849 esse
819 1806 1014 1868 cognomen
1052 1783 1228 1848 Messalini
1270 1805 1385 1869 neque

319 1891 530 1957 aSuetonio
555 1900 865 1957 commemoratum
901 1913 1015 1976 neque
1051 1890 1216 1955 aPlinio
1255 1889 1323 1955 Sed
1347 1898 1386 1957 ut

319 2000 477 2064 omittam
534 1999 664 2064 Lenaei
709 1999 924 2085 temporibus
970 1998 1146 2063 Messalini
1191 2019 1385 2081 cognomen

301 2107 488 2184 ,exstitisse
535 2106 637 2170 nobis
684 2112 858 2171 servatum
905 2104 1034 2169 Tibulli
1068 2105 1088 2168 l.
1114 2105 1155 2183 Π,
1193 2106 1282 2184 5,17;
1310 2106 1383 2184 115,

318 2213 428 2277 Taciti
450 2211 575 2278 Annal.
601 2213 648 2292 Η,’
668 2213 724 2292 32;
749 2213 854 2292 Hice
879 2218 912 2277 et
948 2212 1031 2276 alibi
1055 2219 1159 2297 atque
1183 2213 1220 2276 in
1243 2212 1384 2296 inscrip-

317 2319 472 2384 tionibus
518 2320 635 2385 latinis
670 2320 737 2404 legi
784 2318 837 2403 (ci.
864 2319 939 2384 CJL
957 2319 1046 2399 VIH,
1088 2319 1174 2383 2525
1214 2325 1265 2402 et¹
1282 2318 1383 2398 2536;

320 2428 446 2506 177233
474 2428 682 2506 178513111,
709 2427 809 2505 75293
835 2427 926 2506 XIV,
952 2427 1061 2510 2588),
1093 2447 1226 2505 causae,
1257 2425 1385 2510 quibus

319 2541 513 2599 commotus
536 2535 715 2599 Lenaeum
729 2541 762 2598 et
774 2533 1000 2598 Messalinum
1013 2532 1165 2598 eundem
1177 2533 1384 2618 Pompeium

318 2663 391 2705 essa
415 2647 545 2726 putem,
571 2648 688 2706 tantae
718 2663 791 2705 csso
826 2640 998 2719 videntur,
1045 2648 1085 2705 ut
1131 2638 1383 2719 difficultatem,

318 2769 408 2830 quae
470 2748 676 2831 cognomine
735 2746 914 2827 efficiatur,
978 2753 1150 2832 superent.
1209 2747 1384 2811 Incertum

318 2855 461 2940 quidem
485 2862 545 2935 est,
572 2878 642 2941 quo
666 2856 771 2921 modo
796 2877 925 2920 nomen
938 2854 1144 2919 Messalinus
1156 2853 1206 2918 illi
1218 2853 1384 2938 Pompeio

318 2963 525 3028 attributum
565 2964 616 3028 sit.
666 2963 743 3045 Qua
779 2963 822 3028 de
858 2985 892 3027 re
931 2963 1130 3028 temerarias
1170 2962 1385 3026 coniecturas

317 3067 428 3134 iacere
452 3070 539 3134 mihi
561 3072 599 3134 in
612 3071 729 3135 animo
753 3092 825 3135 non
850 3076 909 3148 est,
936 3091 1025 3155 quac
1050 3067 1135 3153 quid
1152 3068 1194 3132 dc
1218 3067 1384 3152 Pompeio

317 3176 501 3241 Messalino
527 3185 560 3242 et
583 3177 749 3263 Pompeio
773 3177 911 3242 Lenaeo
937 3197 1106 3254 censeam,
1132 3174 1283 3240 stabilire
1311 3194 1385 3237 non

318 3284 462 3368 possint,
489 3284 550 3348 sed
574 3285 753 3350 committo
788 3285 905 3370 potius
943 3283 1113 3348 iudicium
1151 3283 1232 3347 viris
1261 3281 1382 3359 doctis

318 3412 406 3475 quos
441 3413 556 3456 meam
597 3391 936 3457 dissertatiunculam
973 3391 1123 3455 lecturos
1163 3411 1236 3453 esse
1272 3409 1382 3473 spere.

318 3496 385 3561 Sed
410 3519 490 3563 cum
536 3499 695 3564 Lenaeus
741 3499 858 3564 locum
905 3498 1121 3581 cognominis
1159 3499 1286 3574 teneat,
1311 3516 1385 3559 non

316 3604 516 3683 intermitto
566 3607 755 3690 quominus
802 3627 860 3670 eos
907 3604 952 3669 ad
997 3604 1217 3668 Mommsenii
1255 3602 1384 3666 librum

316 3710 501 3774 Rbmische
525 3711 773 3794 Forschungen
796 3712 860 3797 lp.
876 3711 918 3776 50
930 3712 1114 3789 remittam,
1128 3709 1191 3774 ubi
1206 3710 1384 3774 Romanos

317 3817 524 3899 cognomina
559 3816 735 3882 interdum
784 3819 971 3884 mutavisse
1007 3817 1282 3882 demonstratum
1322 3821 1382 3880 est.

317 3923 430 4005 Quare
455 3923 617 3990 concludi
640 3925 741 3990 liceat
763 3925 837 3991 ludi
866 3926 1070 4009 magistrum
1104 3924 1268 3989 libertum
1303 3944 1384 3986 cum

317 4031 391 4096 aliis
416 4032 528 4096 causis
542 4054 637 4097 uunc
649 4034 777 4116 ignotis
789 4041 865 4098 tum
880 4053 919 4097 ea
933 4031 976 4097 de
992 4054 1037 4111 re,
1053 4033 1134 4116 quia
1148 4030 1383 4095 nobilissimae

316 4137 468 4203 familiae
492 4139 620 4222 gentile
645 4161 774 4204 nomen
798 4139 887 4219 tulit,
901 4140 1123 4226 peregrinum
1136 4159 1240 4202 suum
1253 4157 1384 4201 nomen

317 4267 378 4310 seu
438 4247 508 4310 iam
555 4267 749 4330 cognomen
811 4253 1024 4311 commutare
1081 4244 1244 4310 maluisse
1303 4263 1383 4307 cum

317 4355 524 4436 cognomine
549 4375 628 4420 vere
652 4353 769 4418 latine.

531 4762 652 4823 ff*
691 4724 839 4799 “⁴''—
