3230 5052
345 1234 505 1337 Karous
528 1270 619 1335 uun
642 1269 788 1356 Cybulla
817 1293 845 1336 a.
872 1270 903 1336 d.
928 1271 985 1336 m
1011 1270 1190 1346 minan.
1217 1272 1301 1336 anni

238 1377 451 1443 muluatus
475 1399 552 1442 sum
588 1379 625 1441 in
649 1378 724 1443 vieo
749 1377 907 1443 Prussiae
933 1376 1126 1456 Orientalis
1157 1378 1213 1442 eui
1240 1398 1299 1442 no·
1364 1436 1368 1444 .

237 1506 317 1549 men
353 1491 404 1550 est
433 1484 609 1570 LipowitZ,
646 1490 742 1569 patre
768 1481 933 1563 Gustum,
970 1491 1079 1550 matre
1105 1483 1222 1549 Ottilia
1259 1506 1300 1549 ex

236 1597 338 1675 gente
361 1591 609 1669 Jablonowski,
647 1612 735 1675 quos
771 1591 885 1655 adhue
920 1591 957 1654 in
992 1591 1063 1656 vita
1098 1613 1171 1656 esse
1199 1590 1299 1656 valde

236 1697 379 1782 gaudeo
427 1698 549 1764 Fidem
572 1695 737 1783 profiteor
761 1697 1005 1781 evangelicam.
1065 1696 1188 1762 Primis
1211 1697 1299 1762 litte-

235 1826 352 1870 rarum
376 1805 554 1871 elementis
576 1806 614 1869 in
637 1805 768 1889 patriae
796 1826 894 1869 meae
919 1803 1037 1869 sohola
1059 1804 1217 1869 imbutus
1241 1825 1299 1869 au-

234 1919 359 1976 tumno
395 1914 478 1978 anni
515 1912 600 1976 1895
640 1913 861 1996 gymnasium
896 1911 1183 1976 Allensteiniense
1219 1910 1297 1975 adii.

235 2017 322 2082 Vere
347 2021 431 2083 anni
455 2019 541 2084 1903
565 2019 774 2084 maturitatis
797 2019 1037 2084 testimonium
1066 2017 1212 2102 adeptus
1235 2016 1298 2081 Re-

235 2124 444 2206 gimontium
460 2127 614 2210 migravi,
640 2125 702 2189 ubi
725 2147 786 2211 per
802 2127 908 2191 oeties
932 2147 991 2190 sex
1015 2146 1152 2189 menses
1176 2123 1299 2188 studiis

235 2231 418 2316 philologis
443 2241 477 2299 et
500 2234 704 2318 germanicis
740 2254 880 2318 operam
917 2232 1005 2297 dedi.
1066 2230 1199 2296 Sodalis
1223 2251 1298 2315 pro-

236 2338 409 2404 seminarii
432 2341 600 2426 philologi
622 2338 674 2405 fui
707 2362 769 2426 per
799 2362 910 2405 unum
935 2360 1077 2416 annum,
1114 2359 1174 2422 per
1197 2338 1298 2403 trien-

235 2445 332 2508 nium
358 2448 540 2513 seminarii.
600 2447 697 2512 Idem
721 2449 918 2532 germanico
943 2445 1126 2511 senunario
1155 2465 1216 2529 per
1239 2465 1298 2508 sex

236 2552 411 2617 semestria
447 2554 573 2619 sodalis
596 2553 747 2620 interlui.
807 2553 948 2620 Scholas
971 2552 1189 2638 frequentavi
1211 2551 1298 2616 viro·

235 2678 312 2721 rum
335 2657 644 2726 illustrissimorum
1070 2661 1074 2668 ’

394 2770 597 2852 Boamyurt,
623 2772 744 2852 Basse,
770 2771 910 2848 Heinze,
936 2770 1032 2848 Jeep,
1058 2767 1297 2846 Kowulewsti,

394 2877 568 2958 Ludwiet,
586 2878 764 2956 Messoa,
782 2878 966 2952 Rossbach,
991 2876 1094 2954 auur,
1119 2873 1251 2939 Schode
1266 2876 1297 2953 †,

395 2981 533 3063 Semne,
562 2985 734 3063 Toltiehn,
763 2985 838 3063 Uti,
869 2983 1005 3063 Walter,
1038 2981 1241 3058 Wentseher,

235 3086 363 3168 quibus
387 3089 550 3154 omnibus
575 3092 704 3176 optime
729 3091 772 3155 de
795 3112 851 3154 me
875 3088 1005 3153 meritis
1028 3087 1094 3152 hac
1118 3085 1298 3150 occasione

236 3190 351 3257 oblata
367 3198 536 3262 maximas
561 3219 625 3282 ago
650 3200 786 3282 gratiae,
811 3198 848 3260 in
871 3196 990 3281 primis
1006 3193 1184 3258 Ludovieo
1201 3191 1297 3275 Jeep,

236 3299 430 3366 studiorum
463 3325 622 3369 meorum
658 3305 807 3371 adiutori
842 3301 1048 3387 lautorique,
1086 3306 1119 3365 et
1146 3297 1298 3363 Arthuro

234 3405 411 3474 Ludwioh.

339 3517 505 3600 Examen,
531 3521 627 3606 quod
642 3526 768 3586 vocant
783 3519 986 3602 rigorosum,
1011 3513 1120 3600 pridie
1136 3511 1181 3576 id.
1199 3509 1297 3575 Febr.

234 3629 266 3692 h.
293 3651 321 3700 a,
347 3630 490 3698 absolvi.
