3230 5052
673 458 848 554 zar-
942 503 943 508 ε

224 667 267 732 sit
283 666 391 751 polita
408 653 513 751 atque
529 665 620 733 lacta
646 668 800 753 quodam
823 669 938 748 modo,
964 691 1035 734 non
1060 672 1205 749 astricte,
1232 672 1293 737 sed

223 774 401 838 remissius
424 795 647 840 numerosam
672 797 747 840 esse·
770 783 937 861 oportere.

330 880 372 945 ln
387 879 511 945 Rufini
525 883 692 966 excerptis
708 881 911 947 Theodorus
928 883 1126 969 Byzantius,
1144 885 1292 951 Socratis

225 987 388 1072 aequalis,
426 995 460 1052 et
491 988 726 1074 Hieronymus
761 991 1007 1075 peripateticus
1043 991 1291 1070 desiderantur,

225 1115 376 1178 quorum
412 1094 454 1159 de
490 1096 602 1180 priore
627 1095 744 1161 Cicero
768 1096 873 1162 tradit
897 1104 980 1163 orat.
1006 1098 1065 1162 39:
1098 1099 1316 1164 ‘verborum'

226 1203 519 1268 constructionem
544 1209 578 1268 et
601 1224 788 1268 numerum
812 1209 976 1270 tractasse
993 1204 1293 1290 Thrasymachum

225 1307 499 1374 Chalcedonium
522 1311 676 1395 primum
700 1317 733 1374 et
756 1311 969 1376 Leontinum
986 1310 1160 1395 Gorgiam,
1183 1312 1292 1378 Theo·

226 1415 351 1480 dorum
386 1416 468 1482 inde
492 1416 701 1502 Byzantium
736 1418 935 1503 multosque
961 1419 1056 1498 alios,
1086 1441 1174 1504 quos
1198 1419 1293 1502 λογο-

226 1521 410 1604 ὁαιὸάλονς
438 1523 662 1608 appellaverit
696 1525 733 1588 in
757 1523 914 1590 Phaedro
940 1524 1116 1605 Socrates',
1143 1534 1177 1592 et
1199 1527 1293 1592 idern

224 1631 262 1694 in
298 1637 382 1695 orat.
418 1630 477 1694 40:
516 1630 750 1695 ‘Theodorum
784 1632 898 1696 risum
935 1653 1007 1696 esse
1031 1633 1174 1698 Isocrati
1197 1637 1292 1718 prae-

225 1735 429 1817 fractiorem,
448 1738 504 1816 ait,
522 1759 587 1803 nec
604 1739 686 1802 satis
702 1737 913 1803 rotundum'.
947 1738 1170 1803 Theodorum
1188 1741 1292 1805 etiarn

225 1851 334 1910 artem
370 1845 576 1910 rhetoricam
612 1845 786 1930 scripsisse
811 1845 1016 1910 concludere
1040 1865 1227 1930 possumus
1252 1869 1293 1911 ex

226 1949 293 2015 Cio.
319 1950 413 2016 Brut.
439 1952 492 2029 48,
518 1951 580 2016 ubi
604 1951 767 2016 audimus
783 1951 1006 2017 Theodorum
1030 1950 1136 2018 luisse
1159 1955 1197 2017 in
1222 1961 1292 2018 arte

226 2057 450 2137 subtiliorem,
467 2060 505 2122 in
522 2059 736 2124 orationibus
754 2065 871 2124 autern
887 2060 1102 2139 ieiuniorem,
1121 2061 1293 2126 orationes

226 2187 307 2229 eum
343 2165 489 2230 scribere
514 2165 588 2230 aliis
613 2166 774 2250 coepisse,
812 2171 921 2232 artem
956 2167 1163 2246 removisse',
1198 2167 1294 2252 quod

226 2273 331 2337 etiam
367 2295 409 2337 ex
432 2272 517 2337 Plat.
542 2272 687 2338 Phaedr.
724 2273 787 2337 261
818 2273 846 2338 Β
882 2273 1003 2353 elucet,
1040 2274 1102 2338 ubi
1138 2273 1294 2340 Socrates

226 2379 425 2445 Phaedrum
445 2381 647 2463 interrogat:
680 2379 772 2446 Ἀλλ’
794 2381 816 2464 ἦ
833 2380 895 2462 τὰς
910 2379 1086 2462 Νέστορος
1101 2383 1157 2446 καὶ
1179 2381 1294 2446 Ὀὸοσ-
1322 2463 1326 2478 Ι

227 2488 315 2568 σέως
349 2489 469 2569 τέχνας
495 2488 604 2569 μόνον
631 2488 708 2568 περὶ
731 2487 844 2568 λόγων
866 2488 1039 2574 ἀκήκοας,
1077 2486 1117 2569 ἃς
1141 2488 1177 2552 έν
1207 2487 1290 2571 Ἰλίῳ

227 2593 450 2678 σχολάζοντες
474 2596 745 2678 σονεγραψάτην,
782 2599 853 2660 τῶν
889 2594 925 2659 di
953 2594 1192 2679 Παλαμήδους
1216 2595 1295 2679 ἀκή-

226 2723 308 2783 κοας
331 2703 486 2783 γέγονας,·
509 2701 600 2771 ΦΑΙ.
626 2701 692 2766 Καὶ
715 2703 771 2766 ναὶ
793 2702 841 2784 μὰ
871 2701 921 2766 Δί’
947 2701 1050 2784 έγωγε
1074 2707 1144 2767 τῶν
1167 2702 1295 2768 Νέστο-

227 2830 296 2890 ρος,
321 2810 350 2873 εἰ
372 2809 419 2892 μὴ
443 2807 589 2890 Γοργίαν
605 2807 762 2888 Νέστορά
786 2829 861 2873 τινα
881 2808 1149 2891 κατασκευάζεις,
1174 2809 1195 2892 ἥ
1220 2830 1295 2876 τινα

228 2914 455 3000 Θρασύμαχόν
483 2936 519 2980 τε
543 2919 598 2980 καὶ
624 2914 803 2998 Θεόδωρον
834 2915 1005 2980 Ὀὸοσσέα.
1066 2915 1162 2981 Sicut
1185 2916 1294 2981 Thoo-

227 3022 341 3103 dorus,
372 3023 422 3088 ita
445 3023 483 3086 in
506 3021 628 3087 Rufini
652 3023 901 3087 commentario
925 3023 1163 3108 Hieronymus
1188 3022 1292 3103 deest,

227 3151 332 3214 quern
367 3130 521 3194 numeris
556 3137 733 3194 oratorum
768 3130 942 3195 studuisse
978 3136 1120 3216 apparet
1156 3152 1198 3194 ex
1226 3129 1292 3196 Cic.
1359 3149 1363 3154 ·

227 3244 310 3303 orat.
343 3237 423 3300 190:
461 3236 591 3319 ‘Elegit
627 3237 752 3322 inquit,
789 3258 831 3301 ex
865 3237 983 3302 multis
1007 3237 1165 3301 Isocratis
1199 3237 1294 3301 libris

225 3345 367 3428 triginta
402 3343 547 3409 fortasse
571 3365 690 3408 versus
714 3344 960 3428 Hieronymus
985 3343 1234 3428 Peripateticus
1257 3345 1291 3406 in

226 3451 346 3536 primis
382 3450 518 3530 nobilis,
559 3450 742 3537 plerosque
779 3451 940 3528 senarios
978 3449 1039 3514 sed
1074 3449 1179 3514 etiarn
1214 3470 1294 3514 ana-

226 3561 386 3644 paestos’.
433 3558 523 3642 Ergo
547 3555 698 3622 Rufinus
734 3564 923 3641 utrumque
957 3556 1031 3621 iure
1059 3557 1097 3620 in
1121 3576 1294 3621 commen-

227 3665 314 3730 tario
339 3666 563 3730 enumerarit.

335 3771 403 3838 Sed
427 3773 532 3838 etiarn
557 3771 598 3836 de
622 3771 763 3857 reliquis
788 3771 936 3851 (lraecis,
963 3792 1051 3856 quos
1076 3770 1117 3836 de
1142 3771 1295 3835 numeris

228 3886 404 3945 oratorum
429 3879 603 3964 scripsisse
631 3879 703 3943 iam
727 3901 769 3944 ex
792 3875 913 3942 Rufini
937 3878 1105 3963 excerptis
1128 3877 1295 3942 intellexi-

227 4008 316 4066 mus,
352 3987 472 4070 magni
506 3987 676 4051 momenti
710 3985 777 4051 loci
812 3984 956 4069 quidam
985 3982 1159 4050 Ciceronis
1194 3984 1295 4068 scrip·

227 4100 343 4158 torum
377 4094 628 4159 rhetoricorum
664 4099 786 4176 agunt,
824 4092 912 4156 sicut
948 4091 990 4156 de
1026 4090 1294 4176 Thrasymacho

229 4221 334 4285 quern
381 4200 515 4265 Tullius
561 4207 645 4266 orat.
694 4200 736 4264 39
782 4198 887 4264 tradit
933 4199 1086 4284 primurn
1132 4217 1296 4260 numeros

228 4314 404 4371 oratorum
427 4313 601 4387 tractasse,
628 4328 778 4392 quorum
802 4303 912 4370 multa
937 4305 1074 4369 minuta
1090 4301 1238 4367 luissent
1263 4309 1296 4366 et
