3230 5052
660 454 838 516 „13-

214 632 414 698 comoediae
427 652 579 714 graecae,
603 631 640 696 id
664 638 714 696 est
726 631 910 697 Menandri
928 631 1139 697 Philemonis
1151 633 1283 720 Diphili

213 746 247 805 et
271 745 473 815 ceterorum,
500 759 589 822 quae
613 739 774 804 trimetris
801 738 958 804 versibus
994 745 1137 805 constat.
1174 742 1283 805 nostri

214 847 308 910 enim
353 845 477 910 veteris
513 844 711 912 comoediae
759 846 940 930 scriptores
985 847 1023 911 in
1059 845 1282 911 modulandis

212 951 342 1018 fabulis
378 953 477 1037 sequi
516 951 723 1030 maluerunt,
749 952 902 1037 Eupolin
938 952 1118 1018 Cratinum
1153 953 1281 1018 Aristo-

212 1059 376 1145 phanem.
407 1059 569 1144 prologos
606 1059 712 1142 igitur
761 1065 795 1124 et
840 1059 1029 1144 primarum
1079 1081 1283 1124 scaenarum

213 1167 367 1232 actiones
379 1166 541 1231 trimetris
554 1164 901 1250 comprehenderunt,
913 1165 1038 1231 deinde
1051 1167 1280 1250 longissimos,

212 1272 250 1337 id
296 1279 347 1338 est
392 1279 618 1351 tetrametros
667 1272 908 1351 subdiderunt,
956 1274 1017 1358 qui
1063 1273 1283 1358 appellantur

214 1379 388 1465 quadrati.
424 1380 461 1442 in
509 1379 804 1464 consequentibus
846 1379 1009 1465 deinceps
1044 1381 1281 1446 variaverunt:

212 1485 318 1551 modo
354 1485 448 1550 onim
482 1487 663 1564 trimetros,
700 1486 806 1551 modo
842 1486 959 1552 addito
1000 1487 1193 1572 quadrante
1228 1488 1283 1553 rel

214 1594 355 1658 semisse
380 1600 582 1678 posuerunt,
614 1593 651 1657 id
687 1600 737 1658 est
772 1594 827 1658 rel
862 1594 1038 1679 semipede
1070 1594 1204 1661 adiecto
1228 1595 1283 1660 vel

212 1701 346 1783 integro
370 1699 458 1785 pede
482 1699 599 1764 iambo
623 1700 677 1765 vel
702 1700 917 1786 sesquipede.
943 1701 1039 1766 Haec
1064 1724 1125 1786 per
1148 1700 1282 1767 medios

214 1813 310 1872 actus
334 1807 442 1885 varie3
479 1827 598 1871 rursus
637 1807 675 1871 in
714 1808 808 1872 exitu
843 1805 1042 1873 fabularum
1082 1808 1280 1894 quadratos,

216 1913 335 1999 quales
382 1912 533 1977 diximus
602 1913 639 1977 in
687 1913 840 1979 secunda
887 1936 1021 1993 scaena,
1070 1914 1131 1979 sad
1175 1914 1283 1979 iidem

212 2019 382 2105 quadrati,
426 2041 506 2085 cum
543 2019 693 2084 sedecim
736 2019 876 2106 syllabis
928 2029 1084 2087 constare
1121 2021 1280 2100 debeant,

211 2134 330 2192 tamen
354 2127 561 2213 plerumque
574 2124 666 2191 liunt
682 2128 806 2211 viginti
819 2136 880 2194 aut
892 2129 1042 2214 amplius
1060 2128 1280 2214 syllabarum.

215 2233 298 2298 hinc
323 2239 494 2319 putantur
516 2240 627 2298 metro
656 2255 769 2299 carere
794 2257 858 2300 nec
886 2235 961 2319 lege
997 2235 1068 2300 ulla
1104 2237 1280 2301 contineri

319 2339 429 2405 Sicuti
453 2362 496 2404 ex
519 2339 625 2404 huius
649 2341 817 2426 epistulae
849 2341 894 2406 ad
924 2343 1078 2408 Probum
1113 2343 1282 2429 particula
1355 2369 1357 2375 ⁴

211 2447 373 2512 metricae
398 2447 479 2511 artis
504 2446 627 2511 studiis
639 2447 854 2514 Firmianum
866 2449 1089 2516 Lactantium
1105 2449 1283 2514 imbutum

211 2551 317 2618 luisse
331 2553 451 2632 elucet,
476 2554 524 2618 ita
548 2552 592 2618 ad
606 2575 645 2619 ea
657 2556 795 2640 respicit
806 2557 979 2622 Damasus
1001 2559 1039 2623 iu
1063 2556 1210 2642 epistula
1239 2555 1282 2620 ad

212 2661 469 2746 Hieronymum
494 2661 605 2746 (epist.
620 2661 673 2741 35,
687 2666 713 2746 2)
739 2664 799 2747 qui
813 2664 979 2749 queritur,
1005 2664 1101 2749 quod
1114 2664 1282 2749 epistulae

210 2768 385 2834 Lactantii
409 2789 520 2853 usque
545 2766 590 2831 ad
620 2768 713 2833 mille
749 2772 859 2854 spatia
893 2792 1058 2837 versuum
1092 2770 1283 2836 tendantur

212 2883 245 2940 et
269 2896 346 2940 raro
372 2873 414 2939 de
439 2873 601 2958 dogmate
627 2871 814 2961 disputent,
841 2898 911 2962 quo
936 2876 999 2943 liat
1022 2885 1062 2943 ut
1097 2885 1130 2943 et
1153 2878 1281 2961 legenti

210 2981 393 3048 fastidium
418 2988 559 3066 generet
593 2981 776 3065 longitudo
816 2991 849 3050 et
885 2986 913 3049 si
953 3007 1022 3070 qua
1060 2983 1178 3050 brevia
1203 2985 1280 3062 sint,

212 3089 424 3156 scholasticis
458 3089 569 3171 magis
604 3089 673 3154 sint
708 3097 789 3177 apta
814 3113 920 3177 quam
956 3093 1031 3172 sibi,
1072 3092 1114 3158 de
1138 3093 1282 3157 metris

215 3203 249 3262 et
271 3197 455 3280 regionum
480 3195 549 3260 situ
574 3201 607 3260 et
631 3195 848 3283 philosophis
872 3199 1096 3286 disputantia.

322 3304 445 3382 Locus,
472 3323 578 3387 quem
613 3302 718 3367 modo
755 3306 996 3391 cxscripsirnus
1021 3329 1064 3371 ex
1093 3307 1280 3383 Firmium,

211 3417 310 3476 tanta
335 3408 564 3475 similitudine
589 3416 640 3473 est
674 3410 750 3475 loco
774 3413 879 3497 priori
902 3435 935 3498 p.
973 3415 991 3477 7
1028 3435 1070 3478 ex
1104 3412 1281 3478 Victorino

211 3525 382 3603 excerpta
408 3525 447 3583 ut
470 3516 583 3602 primo
620 3518 747 3614 obtutu
783 3520 868 3585 alter
903 3543 945 3584 ex
980 3519 1087 3585 altero
1122 3518 1282 3585 videatur

212 3646 394 3710 expressus
437 3649 519 3692 esse.
570 3629 606 3694 Si
652 3649 732 3694 vero
779 3628 972 3694 accuratius
1018 3629 1281 3712 inspexerimus,

212 3730 381 3797 nonnulla
405 3737 625 3820 reperiemus,
652 3758 742 3821 quae
767 3756 983 3820 quamquam
1007 3756 1080 3799 non
1103 3756 1148 3814 re,
1162 3741 1281 3800 tamen

212 3838 406 3904 elocutione
430 3842 478 3907 ita
502 3845 591 3908 inter
626 3866 661 3908 se
686 3840 857 3920 differant,
884 3849 923 3907 ut
952 3841 1029 3906 illos
1065 3841 1153 3906 duos
1188 3841 1282 3906 locos

211 3966 254 4009 ex
277 3945 400 4010 eodem
424 3946 521 4015 fonte
545 3950 689 4015 haustos
718 3971 791 4013 esse
835 3968 1094 4031 cognoscamus.
1120 3948 1280 4032 Denique

210 4050 430 4119 Victorinum
452 4056 490 4120 in
514 4057 718 4121 memoriam
752 4075 885 4134 revoco
924 4055 985 4140 qui
1014 4056 1051 4119 in
1085 4053 1202 4119 libello
1239 4053 1280 4118 de

210 4160 329 4224 metris
354 4159 449 4226 GLK
462 4163 517 4242 VI,
543 4185 575 4248 p.
609 4163 682 4242 209,
697 4186 739 4247 11³
789 4162 922 4227 ‘Nostra
968 4182 1119 4247 quoque,
1155 4161 1278 4245 inquit,

211 4267 377 4331 memoria
390 4268 593 4334 Lactantius
618 4271 852 4354 ‘pentameter'
866 4269 981 4354 inquit
995 4276 1028 4334 et
1053 4271 1279 4344 tetrameter,
