3230 5052
759 552 935 616 -66,

313 747 414 796 versu
442 751 546 816 supra
571 751 724 808 excusso,
762 731 861 794 ouius
900 729 1100 815 exemplum
1134 731 1172 794 in
1209 729 1382 796 Ciceronis

311 835 399 902 libro
425 836 478 902 ‘de
502 839 645 902 oratore'
671 857 848 921 nusquam
872 837 1001 902 inveni.
1061 835 1130 901 Sed
1163 837 1201 901 in
1227 842 1380 904 ‘oratore’

312 942 446 1008 Tullius
470 943 491 1029 ξ
515 944 593 1007 218;
632 943 715 1008 ‘lam
738 965 864 1029 paean,
901 944 1025 1028 inquit,
1063 942 1159 1028 quod
1181 943 1298 1029 plures
1322 944 1381 1010 ha-

311 1050 393 1115 beat
417 1049 566 1136 syllabas
590 1072 697 1136 quarn
719 1058 798 1130 tres,
836 1071 1003 1114 numerus
1028 1071 1048 1114 a
1073 1049 1284 1134 quibusdam
1308 1073 1381 1116 non

312 1178 372 1242 pes
396 1157 565 1222 habetur’.
623 1155 669 1223 At
691 1163 806 1223 totum
828 1156 945 1222 locum
981 1179 1024 1220 ex
1047 1156 1151 1222 Probi
1184 1156 1272 1222 libro
1307 1179 1381 1223 non

313 1262 506 1330 derivatum
530 1286 613 1344 esse,
639 1266 668 1329 si
690 1264 796 1329 libros
820 1265 912 1330 inter
935 1286 970 1329 se
996 1265 1256 1350 comparaveris,
1281 1265 1379 1330 intel-

311 1370 412 1454 leges.
459 1370 534 1436 Iam
556 1371 611 1436 his
635 1391 677 1436 ex
699 1371 857 1436 versibus
881 1370 993 1436 elucet
1015 1369 1186 1436 Rufinum
1210 1392 1283 1436 non
1306 1378 1379 1437 tam

311 1478 416 1542 verba
440 1476 613 1543 Ciceronis
649 1477 764 1543 ‘libere
790 1478 1118 1563 circumscripsisse,
1156 1498 1263 1562 quam
1294 1479 1379 1544 alios

313 1605 453 1670 quoque
489 1586 570 1652 artis
594 1587 774 1670 scriptores
810 1585 853 1649 ab
889 1585 965 1671 ipso
990 1583 1132 1650 collatos
1168 1585 1376 1664 adhibuisse,

312 1713 392 1756 oum
428 1691 545 1758 ‘libero
582 1692 624 1758 de
648 1693 713 1758 hac
743 1714 779 1757 re
802 1691 942 1757 iudicio'
978 1690 1044 1756 hoc
1081 1690 1245 1776 seligeret,
1283 1693 1378 1777 quod

311 1798 377 1864 sibi
400 1806 521 1885 aptum
544 1799 726 1866 videretur.

418 1905 514 1988 Quae
526 1929 580 1972 res
593 1904 819 1972 confirmatur
831 1906 935 1971 etiarn
947 1905 1102 1970 versibus
1114 1925 1191 1990 pag.
1202 1905 1305 1990 566,21
1316 1927 1376 1991 sq.,

310 2014 371 2097 qui
406 2012 531 2078 docent
566 2014 831 2097 grammaticum
866 2011 1142 2076 Antiochensem
1181 2013 1251 2076 iarn
1287 2012 1377 2078 ultra

309 2118 510 2185 Ciceronem
533 2120 671 2204 longius
686 2139 907 2205 progressum
932 2140 1006 2183 esse
1029 2119 1067 2182 in
1091 2119 1233 2183 scientia
1256 2140 1376 2184 nume-

307 2246 425 2291 rorum
449 2227 519 2292 sive
544 2227 778 2293 clausularum
802 2233 988 2303 oratorum,
1016 2247 1096 2290 cum
1121 2224 1226 2291 dicat:

353 2333 505 2400 Creticus
534 2343 638 2420 atque
666 2334 851 2400 trochaeus
881 2334 952 2411 erit,
986 2333 1048 2417 qui
1072 2331 1231 2397 claudere
1255 2354 1330 2417 pos·

1111 2447 1202 2518 sunt,

352 2555 412 2614 aut
437 2548 613 2634 spondeus
636 2550 726 2614 inest
749 2547 846 2612 nullo
873 2546 1073 2610 discrimine
1096 2544 1187 2624 finis,

352 2662 412 2721 aut
434 2657 508 2720 vice
532 2662 666 2721 mutata
690 2676 820 2720 nornen
843 2653 1040 2718 mutabitur
1063 2652 1142 2717 illis:

350 2763 520 2848 principio
543 2762 732 2828 trochaeon
754 2761 873 2840 habes,
898 2761 935 2824 in
959 2758 1030 2824 line
1054 2758 1255 2838 molossum,

351 2876 411 2935 aut
434 2869 515 2935 linis
538 2869 703 2935 bacchius
728 2870 799 2948 erit,
824 2867 940 2933 brevis
965 2867 1088 2932 ultima
1113 2865 1265 2931 claudet:

349 2977 454 3061 longa
478 2979 521 3043 sit
545 2969 636 3042 anne
659 2977 781 3055 brevis,
807 2975 945 3039 nullum
962 2974 1147 3038 discrimen
1169 2972 1328 3051 habetur,

349 3092 388 3149 ut
412 3084 498 3149 solet
521 3085 558 3148 in
582 3085 699 3149 metris
724 3082 847 3147 doctus
872 3102 1082 3166 componere
1106 3085 1211 3145 vates,

349 3199 410 3257 aut
432 3191 535 3257 Asiae
558 3211 725 3256 numerus
748 3188 901 3275 pulcher,
927 3189 981 3253 bis
1006 3186 1078 3252 fine
1101 3186 1300 3253 trochaeus:

349 3299 410 3364 sed
432 3300 542 3383 magis
567 3299 707 3382 erigitur
731 3297 887 3384 spondeo
912 3295 1067 3362 clausula
1093 3293 1212 3359 fortiss

347 3407 438 3472 hanc
463 3406 563 3472 docet
579 3406 757 3490 eloquium
782 3405 911 3469 summi
926 3401 1172 3468 Demosthenis
1196 3404 1326 3466 artem’

410 3514 474 3578 His
498 3534 638 3598 quoque
654 3512 811 3579 versibus
826 3512 977 3577 maxime
998 3507 1171 3574 Ciceronis
1193 3507 1372 3573 Oratorem

304 3620 356 3698 63,
370 3620 434 3683 212
458 3618 629 3685 Rufinum
645 3626 803 3685 secutum
827 3639 900 3683 esse
923 3615 1084 3702 probavit
1096 3613 1240 3692 Keilius,
1267 3634 1372 3699 quem

302 3726 429 3806 locum,
469 3733 643 3811 quatenus
682 3726 725 3790 ad
765 3745 830 3791 nos
864 3725 1023 3810 pertinet,
1060 3719 1150 3786 inira
1190 3719 1370 3805 descripsi;

303 3834 411 3920 §212
448 3834 585 3898 ‘insistit
609 3839 736 3912 autem,
768 3832 892 3916 inquit,
930 3828 1083 3894 ambitus
1118 3827 1232 3892 modis
1266 3826 1371 3912 pluri-

302 3941 378 4019 bus,
415 3940 586 4026 equibus
609 3961 721 4004 unum
754 3946 806 4004 est
840 3944 958 4004 secuta
982 3936 1064 4002 Asia
1098 3955 1274 4012 maxume,
1311 3934 1372 4018 qui

303 4048 484 4113 dichoreus
507 4054 660 4126 vocatur,
686 4068 766 4112 cum
791 4046 863 4111 duo
888 4045 1032 4110 extremi
1056 4043 1172 4109 chorei
1207 4047 1298 4120 sunt,
1335 4039 1372 4103 id

303 4162 353 4221 est
377 4177 395 4220 e
420 4154 563 4238 singulis
597 4153 710 4238 longis
746 4159 779 4219 et
806 4150 979 4218 brevibus.
1028 4151 1146 4237 §215
1185 4147 1253 4212 Sed
1289 4152 1374 4211 sunt

303 4263 476 4328 clausulae
500 4261 625 4347 plures
652 4283 742 4346 quae
765 4280 951 4325 numerose
987 4265 1020 4324 et
1043 4255 1196 4323 iucunde
1233 4253 1368 4320 cadant.

301 4369 391 4435 Nam
415 4377 449 4436 et
473 4370 627 4447 creticus,
653 4369 714 4453 qui
738 4374 789 4436 est
813 4390 831 4433 e
858 4367 962 4448 longa
998 4372 1032 4430 et
1065 4363 1162 4429 brevi
1197 4367 1230 4426 et
1252 4361 1370 4442 longa,

806 4580 960 4680 ρ
