3230 5052
739 481 917 545 ..5ss-

298 662 359 746 qui
383 668 416 726 et
439 660 640 746 pariambus
665 666 699 724 et
722 659 905 743 dibrachys
927 658 1146 743 appellatur,
1184 664 1223 722 ut
1247 659 1361 722 omnis

297 767 485 834 difficultas
509 774 700 832 evanescat.

250 859 254 868 ⁴
405 875 577 940 Secuntur
610 895 643 958 p.
669 873 743 951 559,
757 917 785 957 24
820 894 940 937 versus
978 871 1030 936 ‘de
1066 872 1208 936 nomine
1238 871 1361 936 talium

296 1003 459 1046 versuum
485 983 555 1046 sive
579 982 793 1045 metrorum’:

342 1087 494 1152 Graecus
519 1086 821 1172 apemphaenonta
846 1085 932 1150 solet
955 1105 1146 1150 memorare
1169 1093 1283 1171 poeta,

340 1192 564 1260 inmanifesta
588 1200 713 1258 vocant
735 1193 821 1258 haec
846 1193 999 1257 carmina
1023 1212 1107 1256 voce
1130 1190 1248 1256 latina.

341 1302 446 1366 Hunc
463 1302 650 1365 trimetron
673 1306 804 1364 veteres
829 1298 924 1363 Graii
953 1299 1159 1382 cognomine
1186 1298 1316 1376 dicunt,

342 1425 439 1510 quod
461 1425 610 1510 pedibus
633 1425 760 1489 iunctis
779 1423 874 1489 hune
891 1423 1056 1488 scandere
1073 1445 1176 1508 saepe
1193 1422 1360 1488 solebant.

296 1533 344 1599 Ut
367 1531 519 1597 Rufinus
554 1530 668 1596 adhue
691 1531 908 1595 Victorinum
933 1536 1071 1595 secutus
1102 1536 1162 1609 est,
1198 1531 1246 1594 ita
1282 1552 1363 1596 eum

298 1640 352 1704 his
377 1661 518 1725 quoque
553 1639 590 1703 in
613 1638 769 1703 versibus
796 1637 863 1702 hoc
886 1635 1007 1702 fecisse
1031 1637 1166 1702 Keilius
1191 1638 1361 1720 cognovit.

301 1746 369 1812 Sed
406 1746 493 1812 duos
517 1746 684 1812 Victorini
717 1745 812 1810 locos
836 1744 1004 1824 adhibuit,
1041 1765 1153 1808 unum
1178 1743 1220 1808 de
1243 1745 1363 1808 imma-

300 1853 433 1920 nifestis
468 1854 595 1932 metris,
637 1852 783 1918 alterum
818 1851 860 1917 de
895 1853 1037 1917 nomine
1076 1851 1229 1916 trimetri.
1288 1851 1363 1915 Vic-

297 1963 433 2026 torinus
458 1962 550 2026 enim
576 1960 657 2025 dicit
680 1983 712 2045 p.
740 1961 813 2038 105,
827 1982 869 2044 26:
897 1957 964 2023 ‘illa
981 1965 1107 2037 autem,
1134 1979 1224 2043 quae
1242 1956 1364 2022 Graeci

299 2069 529 2151 συγκεχυμένα
554 2074 587 2132 et
622 2067 895 2150 ἀπεμφαίυουυα,
922 2087 1012 2150 quae
1049 2086 1113 2129 nos
1149 2062 1296 2130 confusa
1330 2072 1363 2130 et

268 2188 271 2194 ·
298 2173 532 2240 immanifesta
568 2173 735 2253 dicimus',
773 2173 868 2258 quod
902 2173 1026 2258 repetit
1061 2194 1093 2257 p.
1122 2172 1194 2249 106,
1208 2215 1246 2256 15,
1284 2171 1361 2236 ubi:

300 2291 344 2348 ‘at
369 2304 448 2347 cum
464 2283 554 2346 inter
570 2303 614 2361 se,
632 2281 755 2365 inquit,
781 2279 906 2345 similia
922 2286 982 2345 aut
1000 2279 1149 2364 disparia
1165 2285 1361 2356 nectuntur,

298 2397 382 2454 tunc
418 2411 460 2453 ex
493 2389 569 2473 ipsa
592 2388 769 2452 brevitatis
793 2387 1015 2453 conclusione
1039 2386 1231 2451 obscuritas
1254 2387 1362 2451 nasci-

297 2505 362 2574 tur,
400 2495 494 2560 unde
531 2497 758 2577 συγκεχυμένα
782 2501 815 2559 et
839 2493 1101 2576 ἀπεμφαίυουυυ
1124 2515 1144 2558 a
1169 2491 1317 2571 Graecis
1344 2514 1363 2557 a

300 2603 401 2667 nobis
438 2599 582 2666 confusa
618 2610 651 2666 et
685 2599 919 2666 immanifesta
944 2599 1117 2685 appellata
1142 2604 1244 2679 sunt',
1275 2621 1363 2686 quos

298 2709 393 2774 locos
416 2707 588 2774 Rufinum
624 2715 704 2772 ante
728 2707 846 2772 oculos
870 2707 1163 2794 habuissenemo
1187 2727 1261 2772 non
1285 2729 1363 2772 con-

300 2816 407 2881 cedet.
455 2814 569 2900 Atque
606 2815 648 2879 de
683 2816 825 2879 nomine
860 2816 1005 2880 trimetri
1040 2815 1219 2880 scientiam
1243 2815 1364 2900 petivit

300 2946 342 2988 ex
366 2923 489 2989 eodem
512 2922 699 3002 Victorino
737 2922 798 3007 qui
821 2944 853 3007 p.
881 2923 932 3001 70,
947 2945 989 3006 10:
1030 2923 1200 3000 trimeter,
1236 2923 1361 3007 inquit,

300 3029 495 3116 appellatur
519 3051 539 3094 a
560 3028 708 3108 Graecis,
746 3030 828 3113 quia
854 3028 966 3094 tribus
994 3029 1277 3115 percussionibus
1305 3050 1366 3113 per

301 3136 458 3222 dipodias
484 3136 646 3200 caeditur'
672 3141 706 3200 et
728 3157 761 3220 p.
788 3136 902 3219 1323:
937 3143 1029 3200 ‘nam
1065 3143 1103 3200 ut
1137 3135 1237 3200 illurn
1262 3158 1281 3201 a
1306 3158 1365 3200 sex

299 3244 430 3330 pedum
470 3265 572 3308 cursu
610 3243 863 3322 hexametrum,
911 3243 959 3308 ita
997 3243 1091 3308 hunc
1139 3263 1279 3327 quoque
1319 3242 1364 3307 ob

301 3352 453 3416 eundem
479 3349 611 3436 pedum
639 3372 824 3415 numerum
853 3352 1029 3415 senarium
1060 3349 1227 3436 appellari
1249 3348 1364 3413 volue-

299 3466 389 3538 runt,
416 3480 521 3543 quem
546 3464 579 3522 et
602 3459 811 3523 trimetrum:
842 3479 925 3522 nam
949 3459 1077 3541 iugatis
1100 3479 1162 3542 per
1186 3456 1364 3541 dipodiam

298 3567 390 3631 binis
413 3565 562 3650 pedibus
585 3571 637 3629 ter
659 3562 799 3629 feritur'.

406 3673 637 3736 Transeamus
661 3672 731 3735 iam
744 3671 788 3735 ad
800 3692 941 3736 versum
954 3669 1079 3736 Rufini
1096 3671 1138 3736 de
1156 3670 1363 3749 choliamb0,

300 3781 360 3864 qui
385 3787 435 3845 est
457 3780 530 3844 hic:

388 3887 533 3951 Ponitur
557 3892 617 3950 aut
641 3906 773 3963 scazon,
801 3885 998 3969 spondeum
1023 3883 1104 3949 finis
1128 3884 1280 3950 habebit.

299 3983 386 4074 Quo'
411 3993 487 4057 loco
523 3991 610 4056 nihil
645 3991 740 4057 aliud
763 3992 928 4076 sequitur,
965 3993 1032 4056 nisi
1067 3992 1225 4077 exempla
1259 3992 1364 4057 huius

299 4101 433 4183 generis
480 4099 674 4178 choliambi,
723 4121 939 4184 quamquam
978 4106 1119 4185 propter
1157 4098 1364 4185 particulam

301 4211 380 4272 ‘aut'
399 4207 540 4273 alteram
556 4213 691 4292 partem
706 4207 811 4292 priori
827 4206 1096 4292 respondentem
1114 4213 1363 4292 exspectamus,

300 4337 407 4398 quam
449 4316 485 4378 in
532 4313 818 4380 antecedentibus
857 4315 1013 4379 versibus
1053 4335 1125 4378 non
1163 4315 1363 4398 reperimus.

812 4574 942 4671 ᾨ-
