3230 5052
553 521 556 524 .
636 477 813 540 -15-

298 654 437 719 Caesii
472 652 592 718 Bassi
625 653 731 718 rerba
765 653 913 737 legimus
953 654 1048 739 apud
1085 651 1256 718 Rufinum

189 785 221 847 p.
249 763 381 845 5511)]
408 759 546 825 ‘Bassus
571 760 615 825 ad
638 760 812 825 Neronem
836 760 879 825 de
902 761 1052 826 iambico
1088 761 1134 825 sic
1164 761 1256 840 dicit,

190 868 375 933 ‘iambicus
399 875 526 945 autem,
567 888 648 931 curn
670 867 777 954 pedes
801 868 905 932 etiam
922 867 1089 952 'dactylici
1123 868 1258 950 generis

189 975 370 1047 adsurnats
387 973 513 1038 desinit
536 973 706 1038 iambicus
730 973 848 1052 rideri,
873 975 941 1038 nisi
963 975 1185 1059 percussione
1209 976 1257 1039 ita

189 1081 431 1159 moderareris,
467 1089 507 1146 ut
531 1103 611 1145 cum
646 1080 772 1166 pedem
796 1080 993 1166 supplodes.
1029 1081 1187 1146 iambum
1210 1079 1256 1146 ie-

189 1191 272 1259 nas:
308 1187 458 1273 ideoque
496 1187 555 1252 illa
592 1186 669 1252 loca
707 1188 940 1272 percussionis
975 1208 1048 1252 non
1085 1188 1258 1273 recipiunt

190 1297 297 1361 alium
322 1316 429 1380 quam
452 1293 610 1359 iambum
633 1302 668 1360 et
692 1295 722 1358 ci
746 1315 866 1379 parem
888 1294 1098 1380 tribrachyn,
1127 1302 1188 1360 aut
1212 1293 1256 1360 al-

188 1403 295 1468 terius
319 1401 539 1466 exhibuerint
562 1401 663 1466 metri
688 1401 846 1486 speciem.
877 1401 973 1486 quod
997 1401 1074 1466 dico
1098 1401 1257 1488 exemplo

189 1508 314 1574 faciam
350 1508 526 1573 illustrius.
563 1515 613 1572 est
647 1509 684 1572 in
708 1507 881 1572 Eunucho
905 1507 1056 1573 Terentii
1080 1509 1196 1573 statim
1219 1509 1256 1572 in

189 1617 300 1702 prima
324 1615 451 1700 pagina
475 1615 531 1680 hic
555 1636 673 1680 versus
696 1616 873 1679 trimetrus

245 1721 399 1800 exclusit,
424 1729 562 1787 revocat
585 1722 748 1787 redeam?
772 1742 854 1800 non,
881 1722 909 1785 si
932 1743 988 1785 me
1002 1720 1176 1822 'obsecret

188 1829 282 1894 hunc
317 1829 431 1914 incipe
467 1826 582 1899 ferire.
619 1827 789 1893 videberis
824 1827 970 1893 heroum
1005 1827 1132 1892 habere
1167 1828 1258 1893 inter

189 1957 328 2001 manus:
355 1935 400 2000 ad
424 1957 597 2000 summam
622 1936 742 2020 paucis
766 1934 906 2019 syllabis
930 1935 967 1998 in
991 1941 1166 2019 postremo
1182 1957 1256 2000 mu-

187 2044 269 2108 tatis
292 2049 387 2107 totus
412 2044 475 2106 erit
498 2042 633 2119 herous,

290 2149 443 2226 exclusit,
467 2155 614 2226 revocat,
639 2147 803 2212 redeam?
827 2169 899 2212 non
924 2150 951 2212 si
975 2170 1053 2213 mea
1076 2147 1148 2213 liat.

189 2276 319 2340 ponam
355 2254 502 2320 dubium
539 2254 691 2319 secundo
727 2255 803 2320 loco
838 2254 973 2340 pedem,
1011 2276 1081 2340 quo
1112 2256 1257 2341 propius

190 2362 362 2440 accedam,

359 2470 461 2533 heros
484 2467 621 2533 Atrides
645 2469 808 2534 caelitum
831 2476 938 2534 testor
962 2468 1089 2534 lidem'.

295 2575 371 2640 Hoc
416 2575 493 2640 loco
532 2575 703 2640 habemus
742 2596 864 2640 vocem
893 2577 1108 2654 οι1111101101,
1150 2597 1256 2661 quarn

189 2683 294 2748 etiam
310 2683 507 2748 Victorinus
531 2705 563 2767 p.
582 2683 699 2766 209,10
724 2683 821 2748 Bassi
845 2705 918 2748 esse
938 2690 1100 2749 testatur:
1128 2691 1257 2750 ‘contra

188 2811 294 2874 quem
330 2789 378 2872 (id
402 2797 453 2854 est
477 2789 676 2854 Cornelium
701 2789 905 2875 Epicadum,
942 2791 1004 2875 qui
1037 2790 1255 2882 ‘hexameter

187 2897 312 2980 inquit,
336 2899 479 2979 versus')
503 2897 587 2961 item
605 2896 745 2961 Caesius
762 2897 900 2975 Bassus,
925 2898 976 2961 vir
1000 2896 1123 2962 doctus
1151 2905 1256 2982 atque

188 3147 328 3198 Varronis
357 3146 441 3198 libris
470 3147 670 3212 grammaticis
689 3147 785 3199 Berol.
807 3146 876 3199 1864
904 3164 930 3213 p.
951 3146 994 3205 47,
1023 3147 1074 3212 qui
1094 3148 1256 3200 Varronem

188 3235 224 3287 de
244 3251 274 3287 re
294 3236 417 3288 metrica
437 3241 541 3302 quarto
561 3237 637 3288 libro
658 3237 760 3302 script-i
789 3236 826 3288 ad
846 3237 1019 3288 Marcellum
1048 3238 1143 3302 egisse
1172 3237 1256 3302 vidit,

188 3325 236 3376 cui
265 3325 365 3377 omnia
392 3327 559 3392 fragmenta
588 3324 625 3377 ad
653 3341 715 3378 rem
743 3326 897 3377 metricam
926 3327 1092 3391 spectantia
1120 3326 1257 3378 attribuit

188 3430 214 3479 p.
236 3413 384 3467 195-203.
423 3416 459 3467 Et
478 3415 548 3479 quia
566 3415 619 3466 illa
638 3415 728 3466 Jahni
749 3421 914 3466 correctura
982 3415 1090 3466 daeilis
1118 3415 1255 3480 probabi-

187 3503 283 3568 lisque
303 3511 356 3569 est,
376 3504 540 3555 Ritschelio
560 3504 697 3556 assentiri
716 3519 779 3555 non
806 3519 883 3570 poss·
968 3561 970 3566 ¹
1011 3504 1054 3568 1111
1075 3503 1255 3555 1111111100-

187 3592 766 3659 110001110101111110111110.11111464,
787 3610 839 3644 cur
873 3593 1099 3660 0samaraticum
1121 3587 1255 3645 nostrum

187 3683 254 3746 plus
274 3681 348 3732 fidei
367 3682 476 3734 habere
496 3698 586 3746 quam
605 3683 822 3748 Hieronymum
841 3687 934 3749 putet.

294 3769 352 3822 Sed
371 3771 461 3822 etiam
472 3771 577 3822 titulus
597 3772 666 3822 libri
679 3772 820 3823 Varronis
840 3788 857 3822 a
875 3771 987 3823 Rufino
1007 3770 1133 3822 traditus
1153 3770 1257 3823 differt

187 3860 223 3910 ab
243 3859 303 3930 illc,
333 3859 384 3924 qui
413 3860 485 3912 alibi
513 3860 673 3912 memoriae
702 3859 837 3926 proditus
857 3865 914 3924 est;
940 3876 1009 3912 narn
1029 3861 1061 3912 in
1080 3861 1256 3926 Hieronymi

187 3948 321 4014 catalogo
342 3953 371 4000 et
390 3948 470 4014 apud
490 3949 565 4000 alios
584 3950 794 4015 grammaticos
814 3955 859 4001 est
878 3948 915 4001 de
939 3965 1075 4000 sermone
1103 3949 1197 4000 latino
1218 3949 1255 4000 ad

187 4037 367 4102 Marcellum,
397 4053 474 4090 cum·
493 4044 523 4089 et
551 4038 697 4090 aRulinc
726 4045 756 4089 et
783 4039 819 4090 ab
849 4039 964 4090 Acrone
994 4037 1031 4089 ad
1060 4039 1176 4090 Horatii
1203 4043 1255 4090 art.

186 4128 262 4189 poet.
283 4124 335 4177 202
363 4125 523 4178 laudentur
550 4128 619 4179 libri
639 4126 676 4178 de
696 4128 797 4193 lingua
816 4127 909 4178 latina
929 4125 967 4178 ad
986 4128 1167 4192 Marcellum,
1197 4143 1256 4191 qua

186 4213 222 4265 de
242 4214 437 4280 inscriptione
457 4216 602 4267 Rufinum
621 4217 827 4281 Acronemque
856 4215 998 4267 erravisse
1027 4215 1187 4267 verisimile
1202 4221 1255 4267 est.

186 4303 233 4366 101.
255 4304 440 4370 Wilmanns„
469 4307 487 4358 l.
507 4307 525 4358 l.
546 4322 573 4371 p.
594 4304 628 4356 47
648 4304 715 4358 adn.
740 4311 768 4357 et
787 4305 919 4370 ltitschl„
949 4320 1050 4372 opusc.
1070 4305 1115 4355 ΙΙΙ
1134 4321 1161 4370 p.
1182 4302 1256 4366 467.)
