3230 5052
692 532 846 578 ...l-.-

231 692 347 757 Plauti
393 699 426 757 et
484 691 636 756 Terentii
689 691 905 776 aliorumque
964 692 1119 758 eiusdem
1165 695 1299 776 generis

151 865 155 874 ,
231 804 414 884 poetarum
448 798 634 863 versiculos
671 798 816 864 contulit
851 820 966 884 neque
1002 798 1124 865 celavit
1154 802 1238 865 scire
1263 822 1298 864 se

230 905 307 970 illos
341 911 463 991 poetas
500 927 620 970 versus
656 906 840 990 scripsisse,
886 906 974 971 sicut
1014 905 1056 970 de
1096 914 1228 972 oratore
1266 907 1299 970 Η

231 1012 351 1098 §snt
376 1011 439 1077 ubi
463 1012 505 1076 de
529 1012 707 1077 versiculis
730 1013 882 1078 Terentii
904 1012 1042 1078 locutus
1077 1020 1137 1078 est.
1184 1013 1298 1079 Etiam

229 1118 306 1184 loco
329 1117 435 1184 modo
459 1140 482 1204 p
507 1118 527 1183 6
552 1140 594 1183 ex
617 1124 751 1184 oratore
763 1118 906 1185 laudato
924 1120 1112 1185 senariosa
1135 1119 1299 1185 Cicerone

228 1227 402 1291 trimetros
437 1225 605 1291 iambicos
641 1227 839 1292 nominatos
872 1248 945 1291 esse
985 1224 1233 1306 confirmatum
1260 1235 1298 1292 ut

228 1334 342 1398 virum
366 1331 595 1397 clarissimum
620 1340 796 1398 auctorem
831 1333 898 1398 sibi
919 1331 1091 1398 Rufinum
1126 1355 1189 1398 suo
1224 1335 1298 1399 iure

229 1440 417 1524 sumpsisse
457 1439 575 1522 negari
613 1446 774 1525 nequeat.
814 1440 928 1505 Etiam
977 1441 1015 1504 in
1054 1441 1210 1525 epistulis
1253 1440 1298 1505 ad

228 1544 417 1612 familiares
441 1545 500 1625 IX,
527 1545 605 1629 16,⁴
631 1545 674 1611 de
697 1547 786 1611 tritis
801 1546 1128 1612 litteratissimorum
1143 1548 1296 1612 virorum

229 1653 371 1718 auribus
395 1652 559 1718 notandis
583 1653 766 1735 generibus
789 1660 981 1738 poctarum,
1000 1661 1039 1718 ut
1063 1653 1294 1719 discernerent

228 1760 323 1825 hunc
347 1759 462 1825 Plauti
485 1781 624 1825 versum
649 1781 731 1839 esse,
756 1760 851 1825 hunc
874 1781 947 1824 non
971 1781 1044 1824 esse
1080 1768 1197 1825 actum
1233 1768 1292 1839 est,

228 1888 298 1952 quo
336 1866 413 1932 loco
443 1866 586 1932 Acciani
620 1887 760 1951 quoque
810 1889 928 1932 versus
968 1874 1291 1932 commemorantur.

227 1973 369 2039 Accedit
394 1972 570 2038 Cornificii
594 1995 648 2038 ars
670 1973 841 2039 rhetorica
865 1973 910 2038 ad
932 1973 1160 2052 Herennium,
1186 1995 1293 2058 quam

226 2079 388 2158 Rufinus,
414 2082 501 2146 sicut
527 2081 671 2165 antiqui,
697 2079 852 2146 Ciceroni
875 2080 1005 2145 tribuit.
1016 2079 1041 2164 1)
1088 2079 1195 2145 Cuius
1211 2081 1292 2146 artis

224 2187 301 2253 libr.
326 2188 359 2251 H
383 2189 403 2273 ς
427 2189 469 2251 31
496 2190 549 2252 ‘ne
580 2187 744 2266 Ennium,
768 2188 893 2273 inquit,
933 2193 966 2252 91
1006 2195 1135 2252 ceteros
1174 2195 1294 2272 poetas

225 2295 423 2372 imitemur',
460 2294 588 2379 quibus
626 2294 739 2359 verbis
778 2315 896 2359 versus
931 2294 1084 2359 Enniani
1119 2302 1292 2359 secuntur.

227 2400 297 2466 Sed
318 2402 390 2466 iam
413 2401 598 2466 verborum
623 2400 665 2465 de
689 2400 852 2466 Cicerone
877 2402 959 2466 satis
983 2408 1042 2466 est.

333 2507 566 2574 Transeamus
582 2509 653 2573 iam
670 2506 714 2573 ad
733 2508 1008 2586 Victorinum,
1034 2507 1162 2572 saeculi
1179 2509 1293 2592 quarti

225 2615 501 2699 grammaticum,
527 2616 589 2699 qui
611 2615 649 2679 in
666 2615 893 2701 explicatione
914 2615 967 2680 bis
984 2637 1004 2679 a
1020 2613 1151 2680 Rufino
1168 2615 1293 2680 citatus

225 2728 286 2788 est.
334 2722 370 2786 P.
397 2722 514 2806 111112,
551 2721 604 2786 ι119
628 2723 746 2786 metris
770 2721 920 2786 Terentii
950 2728 982 2787 91
1011 2720 1126 2786 Plauti
1149 2729 1182 2786 et
1207 2729 1292 2786 cete-

224 2850 343 2894 rorum
358 2830 580 2894 comicorum
604 2835 637 2893 ct
660 2829 890 2910 tragicorum’,
927 2835 1061 2913 praeter
1089 2828 1166 2907 alia,
1202 2849 1292 2912 quae

223 2959 256 3022 p.
283 2936 303 3000 (i
328 2936 508 3002 adnotari:

333 3044 452 3108 ‘nostri
473 3045 584 3121 enim,
606 3043 731 3126 inquit,
753 3043 790 3108 in
805 3040 1216 3126 modulandisrhythmis
1233 3047 1292 3106 aut

224 3151 342 3216 metris
377 3150 502 3215 veteris
527 3149 727 3215 comoediae
756 3150 936 3235 scriptores
961 3149 1060 3233 sequi
1082 3147 1291 3225 maluerunt,

222 3257 259 3322 id
296 3263 347 3322 est
389 3255 542 3342 Eupolin
577 3255 757 3321 Cratinum
792 3254 1071 3340 Aristophanem.
1130 3255 1291 3339 prologos

222 3366 341 3449 itaque
378 3370 411 3428 et
445 3364 636 3449 primarum
661 3383 865 3427 scaenarum
894 3368 991 3426 actus
1014 3361 1176 3426 trimetris
1201 3382 1290 3425 com-

223 3469 493 3557 prehenderunt,
519 3469 645 3535 deinde
669 3468 898 3552 longissimos
929 3467 966 3532 id
990 3475 1040 3534 est
1063 3474 1290 3546 tetrametros

223 3577 466 3657 subdiderunt,
506 3578 567 3661 qui
606 3575 825 3662 appellantur
863 3574 1032 3661 quadrati.
1094 3581 1215 3660 postea
1253 3575 1291 3638 in

223 3683 451 3769 sequentibus
475 3684 709 3748 variaverunt:
734 3682 839 3748 modo
864 3683 958 3747 enim
978 3683 1159 3760 trimetros,
1185 3681 1290 3746 modo

223 3790 342 3856 addito
367 3790 560 3875 quadrante
587 3789 643 3856 vel
659 3791 799 3854 semisse
815 3795 1017 3875 posuerunt,
1041 3788 1078 3853 id
1114 3796 1164 3853 est
1193 3790 1290 3853 serni-

222 3897 311 3984 pede
355 3896 488 3962 adiecto
535 3897 590 3962 rel
634 3897 769 3980 integro
814 3895 902 3982 pede
941 3896 1058 3961 iambo
1097 3896 1152 3960 rel
1192 3897 1289 3960 semi-

223 4004 321 4090 pede.
369 4004 455 4069 hacc
490 4025 551 4089 per
580 4002 714 4068 medios
738 4010 835 4068 actus
859 4004 967 4068 varie:
992 4024 1110 4067 rursus
1133 4004 1171 4066 in
1196 4003 1290 4066 exitu

330 4163 357 4232 1)
369 4164 412 4216 uf.
425 4181 452 4231 p.
463 4162 523 4230 568,
536 4198 558 4234 19
569 4163 683 4216 ‘Cicero
694 4163 732 4216 ad
742 4165 926 4216 Herennium
937 4164 968 4215 in
988 4167 1049 4215 arte
1065 4163 1129 4226 sic-'3
1150 4179 1177 4227 p.
1196 4159 1255 4226 577,
1266 4195 1289 4230 21

221 4254 303 4308 idem
331 4253 436 4306 Cicero
466 4253 504 4306 ad
532 4254 718 4306 Herennium
756 4253 788 4305 111
819 4259 880 4305 arte
909 4253 1055 4304 rhetorica
1088 4251 1125 4302 dc
1154 4251 1287 4301 membro

221 4345 264 4396 sic
284 4343 366 4396 dicit.
