3230 5052
746 518 924 582 ..52-

301 698 333 784 p.
359 699 442 782 88ρό
477 698 695 783 pertractato.
743 696 810 760 Hic
846 697 939 761 enim
968 702 1196 761 octametrum
1230 718 1370 762 uersum

300 805 476 870 Boiscium
512 804 560 869 ait
583 810 739 868 constare
775 825 817 868 ex
841 802 980 868 duobus
1003 804 1220 884 tetrametris
1257 804 1369 889 priore

302 911 499 990 acatalecto,
514 910 711 976 catalectico
725 910 831 975 altero
861 910 898 974 in
923 931 1036 974 unum
1047 909 1234 994 redactisl)
1281 911 1370 976 Fieri

301 1025 420 1084 autem
443 1039 515 1083 non
539 1019 662 1103 potuit,
687 1024 726 1082 ut
750 1017 893 1082 Boiscus
917 1024 1156 1082 tetrametrum
1179 1017 1370 1082 iambicum

303 1125 540 1205 acatalectum
582 1145 687 1209 quem
722 1122 874 1190 Rufinus
908 1124 1028 1203 voluit,
1069 1125 1250 1202 inveniret,
1288 1126 1370 1210 quia

302 1234 372 1298 iam
397 1232 629 1317 antiquissimi
651 1231 749 1316 lyrici
782 1237 906 1317 poetae
941 1231 1205 1311 coutebantur,
1241 1239 1280 1297 ut
1316 1254 1370 1296 ex-

303 1339 409 1425 empli
426 1361 529 1404 causa
546 1336 692 1403 aiteram
707 1337 825 1404 Alcaei
847 1336 909 1422 irg.
928 1339 971 1403 56
996 1346 1029 1403 et
1046 1338 1223 1403 Alcmanis
1247 1337 1308 1422 irg.
1329 1340 1370 1403 13

303 1447 442 1530 (Poetae
466 1445 562 1531 lyrici
587 1445 638 1510 ed.
664 1443 799 1529 Bergk).
848 1444 1012 1510 Boiscum
1040 1443 1199 1510 ilomisse
1222 1444 1370 1510 Alexan-

304 1553 484 1618 drinorum
500 1559 612 1618 aetate
641 1553 770 1637 optime
795 1573 836 1617 ex
865 1550 1050 1617 artificioso
1073 1551 1133 1616 illo
1157 1559 1267 1617 metro
1292 1573 1370 1617 con-

305 1660 405 1726 clusit
440 1659 697 1743 Leichsenring,
745 1659 796 1724 De
831 1661 949 1724 metris
984 1659 1114 1742 graecis
1150 1661 1371 1744 quaestiones

303 1766 579 1850 onomatologae‚
616 1766 705 1831 Diss.
732 1764 862 1852 Gryph.
902 1767 987 1830 1888
1022 1788 1054 1851 p.
1081 1767 1132 1830 28.
1192 1766 1371 1832 Praeterea

303 1880 501 1940 tetrameter
535 1873 706 1938 iambicus
742 1873 950 1939 acatalectus
985 1895 1005 1938 a
1041 1872 1159 1938 Servio
1195 1871 1291 1938 GLK
1313 1873 1370 1953 IV,

303 2004 336 2067 p.
384 1980 476 2065 459,2
515 1980 777 2045 Anacreontcus
813 1979 1007 2065 appellatur
1042 1978 1095 2064 (ci.
1139 1979 1251 2046 Christ
1292 1980 1313 2045 l.
1348 1981 1369 2045 l.

304 2088 351 2174 2p.
389 2088 476 2171 343),
514 2109 584 2172 qua
617 2109 654 2151 re
688 2087 773 2152 item
808 2087 852 2151 ad
876 2088 1136 2172 antiquissimos
1160 2085 1372 2152 Graecorum

304 2201 425 2280 poetas
447 2193 572 2280 lyricos
595 2194 763 2258 reicimur.

413 2335 578 2423 Sequitur
600 2335 722 2402 Rufini
745 2358 864 2402 versus
901 2337 943 2402 de
968 2338 1098 2421 origine
1122 2337 1287 2402 trochaici
1322 2359 1371 2401 ar-

293 2443 465 2509 ¹chilochii
488 2466 521 2529 p.
547 2443 652 2528 5521:

367 2587 528 2651 ‘creticon
550 2585 781 2651 Archilochus
805 2607 909 2672 supra
934 2595 1039 2672 caput
1062 2586 1160 2651 addit
1183 2587 1311 2666 iambi,'

305 2694 342 2775 in
378 2714 448 2777 quo
473 2692 671 2758 Terentiani
707 2714 845 2758 versum
869 2693 957 2758 2350
991 2691 1163 2759 Rufinum
1197 2695 1373 2759 imitatum

307 2821 380 2864 esse
403 2800 540 2886 putavit
562 2799 706 2879 Keilius,
733 2801 793 2886 qui
816 2823 935 2866 versus
960 2808 1010 2866 est
1034 2801 1103 2866 hic:

443 2941 679 3008 ‘Archilochus
703 2950 823 3008 auctor
845 2943 993 3009 traditur
1015 2944 1093 3009 talis
1117 2944 1238 3009 metii)

308 3102 377 3168 Sed
400 3101 571 3168 Rufinum
605 3103 700 3168 hunc
724 3111 901 3169 auctorem
928 3106 966 3169 in
990 3104 1232 3191 pertractando
1256 3103 1372 3170 Archi-

309 3209 409 3275 ochio
445 3210 624 3275 trochaico
666 3232 740 3275 non
775 3210 975 3277 adhibuisse
1012 3213 1139 3277 docent
1175 3212 1373 3277 Terentiani

307 3338 425 3382 versus
450 3316 635 3398 2280-83,
673 3317 801 3403 quibus
825 3317 1085 3384 Archilochium
1113 3325 1264 3384 metrum
1289 3317 1372 3383 de1i-

306 3431 365 3489 vat
389 3447 431 3490 ex
445 3431 644 3490 tetrametro
667 3425 816 3491 iambico
834 3425 975 3512 dempta
998 3427 1110 3512 prima
1127 3425 1267 3511 syllaba,
1293 3447 1373 3490 cum

306 3529 458 3596 Rufinus
494 3553 575 3596 eum
599 3554 641 3596 cx
664 3533 818 3597 trimetro
847 3540 970 3598 natum
1006 3554 1079 3598 0000
1103 3532 1226 3618 probet
1255 3531 1373 3597 addito

308 3637 440 3701 cretico.
488 3637 600 3702 Immo
635 3660 716 3703 vero
739 3639 911 3704 habemus
934 3637 1069 3704 iontem
1102 3638 1208 3703 huius
1232 3659 1373 3724 quoque

306 3741 428 3808 Rufini
462 3765 582 3810 versus
617 3744 712 3830 apud
735 3745 953 3811 Victorinum
987 3768 1020 3832 p.
1047 3746 1161 3830 135,14,
1199 3747 1272 3831 qui:
1304 3744 1373 3810 ‘Ar-

308 3849 495 3930 chilochus,
520 3851 644 3938 inquit,
682 3853 846 3918 creticum
869 3853 1018 3918 iambico
1042 3854 1196 3918 trimetro
1231 3874 1373 3939 praepo·

308 3957 386 4036 suit,
429 3964 469 4023 ut
507 3955 634 4023 faceret
668 3965 908 4025 tetrametrum
947 3960 1163 4026 trochaicum
1198 3958 1251 4044 (ci.
1289 3958 1372 4024 ibid.

307 4086 339 4150 p·
367 4064 494 4150 134,14)·

415 4368 443 4438 1)
463 4369 498 4422 cf.
519 4368 626 4435 Christ,
646 4369 753 4421 Metrik
773 4368 825 4422 der
845 4369 963 4424 Griaoh.
982 4388 1010 4424 u.
1030 4371 1115 4422 Rom.
1134 4369 1173 4436 ²p.
1194 4369 1255 4423 356.

805 4526 956 4631 s.
