3230 5052
742 495 920 558 ..40-

297 677 471 742 Victorem
494 677 584 740 inter
608 696 666 740 eos
690 673 952 752 enumeraverit,
976 673 1038 757 qui
1062 670 1104 736 de
1128 691 1274 735 numero
1291 691 1362 735 ora-

298 785 386 849 torio
432 783 538 848 latine
585 783 802 867 seripserunt,
851 777 1086 863 significatum
1129 784 1251 863 putem
1290 798 1363 842 esse

299 890 334 955 C.
370 890 505 954 Julium
528 889 711 954 Victorem.
760 886 866 952 Cuius
901 893 1009 951 artem
1044 885 1250 950 rhetoricam
1286 884 1364 948 sub-

300 998 484 1082 scriptione
519 997 725 1061 instructam
751 993 909 1080 ‘Explicit
944 1015 997 1058 ars
1025 993 1195 1058 rhetorica
1220 991 1254 1056 O.
1280 990 1365 1054 Julii

299 1104 446 1170 Victoris
481 1101 624 1167 feliciter
659 1102 902 1184 Hermagorae,
939 1100 1121 1177 Ciceronis,
1148 1097 1364 1180 Quintiliani,

300 1210 427 1295 Aquili,
467 1209 713 1287 Marcomanni,
761 1208 912 1272 'faciani'
960 1208 1090 1292 optimo
1135 1206 1283 1289 legimus
1328 1205 1366 1268 in

301 1317 432 1382 Halmii
455 1315 629 1402 praeclara
641 1315 833 1380 Rhetorum
863 1313 1051 1379 latinorum
1086 1314 1263 1377 minorum
1298 1310 1366 1376 edi-

300 1424 395 1489 tione
424 1422 507 1487 inde
533 1445 552 1488 a
576 1423 703 1508 pagina
727 1423 801 1487 370.
849 1422 890 1485 In
913 1421 1077 1486 vicesimo
1102 1427 1219 1485 autern
1244 1419 1365 1504 capite,

303 1530 397 1615 quod
434 1537 485 1594 est
520 1528 562 1594 de
598 1528 808 1608 elocutione,
844 1551 876 1614 p.
913 1528 1013 1612 433„
1049 1527 1155 1591 huius
1190 1526 1365 1590 editionis:

292 1636 464 1718 “Quidam
489 1637 603 1716 etiam,
627 1636 752 1720 inquit,
776 1636 883 1720 hique
900 1635 1079 1721 praecipui
1095 1640 1245 1698 oratores
1263 1633 1368 1698 etiam

302 1743 409 1829 pedes
444 1742 679 1808 observandos
715 1749 932 1820 censuerunt,
970 1762 1057 1826 quos
1093 1747 1127 1805 et
1161 1746 1283 1826 poetae
1319 1761 1367 1803 se-

304 1858 469 1934 quuntur,
509 1849 594 1914 dum
629 1873 673 1914 ne
707 1851 744 1914 in
778 1871 917 1916 versum
948 1856 1008 1914 aut
1031 1849 1069 1912 in
1092 1855 1226 1933 partem
1249 1868 1369 1912 versus

302 1955 508 2035 incidamus,
545 1956 582 2021 id
606 1959 700 2022 enim
723 1958 915 2022 maximum
940 1957 1064 2022 vitium
1088 1961 1147 2020 est.
1197 1953 1285 2018 Cum
1308 1975 1370 2039 per

303 2069 413 2127 totam
449 2064 650 2142 orationem,
685 2071 762 2128 tum
797 2065 981 2148 praecipue
1015 2063 1053 2126 in
1089 2059 1369 2127 conclusionibus

305 2169 494 2234 servandus
531 2178 582 2234 est
617 2171 700 2235 ordo
724 2170 919 2248 verborum,
956 2168 1133 2234 moderate
1157 2169 1194 2232 in
1218 2167 1368 2245 exordio,

303 2275 341 2338 in
376 2274 491 2339 media
525 2284 622 2361 parte
657 2277 787 2357 leniter,
823 2278 871 2342 ita
907 2283 946 2341 ut
980 2276 1091 2358 magis
1115 2274 1161 2339 ad
1184 2295 1370 2338 numerum

303 2382 434 2462 tendat,
471 2405 579 2467 quam
608 2384 683 2469 ipsa
707 2405 893 2448 numerosa
918 2384 985 2448 sit':
1021 2381 1262 2467 incipiendum
1298 2403 1370 2446 esse

304 2489 417 2572 longis
439 2490 579 2574 syllabis
602 2492 718 2575 potius
743 2511 849 2575 quam
873 2490 1046 2567 brevibus,
1072 2496 1109 2553 ut
1135 2488 1275 2553 exordio
1299 2489 1372 2573 apti

306 2597 374 2659 sint
410 2603 444 2660 et
479 2595 636 2680 dactylus
672 2603 706 2661 et
729 2596 905 2682 spondeus
930 2603 964 2661 et
987 2617 1100 2682 paeon
1124 2597 1266 2681 primus,
1293 2615 1370 2660 con-

307 2700 521 2766 oludendum
556 2709 616 2767 aut
651 2704 826 2786 geminato
863 2705 986 2768 cretico
1011 2710 1071 2768 aut
1096 2703 1229 2782 cretico⁷
1267 2724 1372 2787 quem

307 2816 498 2893 sequantur
532 2810 587 2875 uel
622 2811 799 2896 spondeus
833 2811 889 2875 vel
922 2811 1105 2876 trochaeus
1141 2810 1195 2875 vel
1223 2809 1371 2874 iambus.

306 2917 421 2980 Etiam
455 2938 626 3002 paeonem
661 2919 822 3003 primum,
860 2919 916 2982 cui.
944 2917 1120 3003 spondeus
1146 2917 1303 3002 supersit,
1340 2923 1373 2980 et

307 3043 477 3106 paeonem
512 3025 746 3108 posteriorem,
783 3046 887 3108 quem
923 3046 994 3090 una
1030 3025 1161 3109 syllaba
1197 3030 1372 3108 sequatm·,

308 3128 466 3193 claudere
503 3130 710 3197 sententiam
745 3152 855 3216 posse.
905 3130 973 3196 Sed
1001 3131 1196 3196 cavendum
1220 3152 1303 3210 esse,
1329 3153 1373 3195 ne

308 3235 453 3299 creticus
476 3258 537 3322 pes
563 3238 699 3322 saepius
723 3236 970 3323 frequentetur.

414 3343 535 3428 Neque
559 3352 731 3430 repugnat
746 3353 883 3411 nostrae
901 3347 1092 3411 sententiae
1110 3353 1203 3410 aetas
1215 3345 1371 3410 Victoris.

307 3448 397 3512 Nam
434 3449 568 3516 dudum
603 3454 693 3517 inter
727 3454 817 3518 viros
854 3452 972 3517 doctos
1004 3459 1139 3517 constat
1164 3475 1243 3517 eum
1268 3450 1374 3516 luisse

308 3555 481 3620 rhetorem
517 3561 631 3643 quarti
667 3561 796 3625 saeculi
831 3560 997 3637 exeuntis,
1035 3566 1074 3623 ut
1108 3559 1195 3622 nihil
1226 3580 1290 3623 nos
1313 3560 1374 3623 im-

308 3661 435 3746 pediat,
462 3665 548 3747 quin
571 3666 666 3730 huno
691 3665 857 3732 aRuiino
882 3670 1077 3751 spectatum
1101 3687 1174 3729 esse
1198 3671 1373 3750 putemne,

310 3769 399 3834 sicut
422 3767 574 3834 Rufinus
599 3773 703 3836 etiam
727 3773 905 3838 Victorino
931 3772 1069 3856 aequali
1094 3794 1178 3837 usus
1203 3779 1262 3836 est.

416 3894 562 3959 Restant
597 3904 763 3977 auctores,
800 3917 950 3982 quorum
985 3897 1065 3962 libri
1093 3919 1112 3962 a
1136 3896 1267 3962 Euiino
1303 3919 1376 3962 nou

311 4002 445 4066 excussi
469 4008 560 4081 sunt,
584 4004 651 4088 ipsi
674 4006 858 4089 perierunt,
883 4003 1064 4084 Eusebius,
1083 4005 1200 4085 Varro,
1227 4005 1373 4070 Servius

417 4108 622 4173 Eusebius
650 4131 731 4174 eum
755 4110 797 4175 de
821 4112 975 4176 numeris
1000 4119 1176 4177 oratorum
1201 4113 1375 4198 scripsisse

312 4216 454 4295 (licetur,
480 4238 560 4280 eum
596 4215 701 4282 luisse
725 4219 898 4284 rhetorem
922 4220 1106 4284 verisimile
1130 4220 1275 4285 uidetur.
1323 4221 1376 4284 Ex

310 4322 469 4407 pluribus
503 4325 607 4407 igitur
642 4347 734 4389 unus
769 4332 871 4410 aptus
896 4333 948 4390 est
972 4327 1154 4406 Eusebius,
1192 4329 1252 4411 qui
1275 4327 1376 4393 hica

486 4872 861 5026 μ
