3230 5052
737 491 914 554 ,70-

291 671 442 752 paestus‚
473 667 646 752 procerior
680 666 824 751 quidam
859 689 1036 748 numerus,
1073 667 1241 748 effloruit;
1277 671 1359 737 inde

292 773 349 840 1116
384 773 542 839 licentior
577 781 610 839 et
646 773 784 838 divitior
821 772 923 840 fluxit
962 775 1219 861 dithyrambuS,
1260 778 1360 843 cuius

293 880 451 946 membra
486 886 520 945 et
543 879 658 965 pedes,
695 886 734 945 ut
758 881 806 945 ait
828 880 931 960 idem,
961 888 1043 947 sunt
1077 883 1113 947 in
1138 885 1243 949 omni
1268 885 1360 950 locu-

293 987 378 1072 pleti
401 987 556 1052 oratione
581 984 729 1052 diffusa'.

400 1091 515 1178 Atque
551 1114 631 1159 cum
654 1081 806 1159 Rufinus
840 1094 1046 1180 plerumque
1075 1095 1275 1162 Ciceronem
1311 1121 1359 1163 sc-

295 1207 431 1285 quatur,
456 1199 635 1265 nonnullis
658 1200 742 1266 locis
759 1201 802 1266 ab
821 1223 861 1267 6ο
878 1201 1041 1284 discedat,
1067 1202 1221 1269 Tullium
1237 1204 1360 1270 eodem

296 1304 367 1372 fere
391 1306 496 1372 modo
521 1306 681 1373 adhibuit
716 1314 820 1392 atque
849 1307 1094 1390 Quintilianus
1131 1311 1193 1395 qui
1228 1309 1269 1375 de
1297 1333 1361 1375 sua

298 1412 471 1478 scribendi
505 1414 637 1479 ratione
672 1413 692 1478 l.
722 1413 782 1493 IX,
806 1415 837 1493 4,
856 1415 897 1478 21
935 1415 992 1480 ‘ita
1028 1414 1199 1496 accedam,
1236 1418 1359 1503 inquit,

298 1519 470 1607 plerisque
495 1519 651 1586 Ciceroni
675 1528 779 1605 atque
802 1522 904 1586 iniis
940 1542 1006 1604 ero,
1044 1543 1133 1607 quae
1164 1523 1361 1589 indubitata

298 1633 393 1704 sunt,
429 1627 581 1706 brevior,
617 1629 654 1692 in
690 1627 902 1713 quibusdam
936 1628 1082 1714 paulum
1117 1627 1261 1696 fortasse
1296 1630 1361 1696 dis-

298 1734 466 1799 sentiam’.

404 1840 478 1906 Iam
502 1842 531 1906 si
554 1841 763 1908 revolvimus
787 1864 837 1922 ea,
874 1864 963 1927 quae
988 1865 1092 1928 supra
1127 1845 1360 1937 exposuimus,

300 1968 372 2012 non
396 1967 518 2014 omnes
541 1950 793 2031 grammaticos,
830 1950 951 2034 quiin
975 1956 1157 2016 auctorum
1186 1971 1363 2015 enumera-

300 2054 394 2119 tione
430 2055 601 2120 nominati
635 2050 732 2134 sunt,
773 2062 965 2141 excerptos
1006 2056 1243 2142 compluribus
1280 2057 1364 2122 locis

297 2163 388 2229 intra
423 2183 542 2227 versus
575 2159 698 2226 Rufini
732 2162 876 2228 lacunas
900 2184 984 2243 esse,
1019 2185 1138 2229 versus
1172 2163 1364 2230 identidem

298 2269 451 2356 proseria
486 2269 658 2348 oratione,
695 2290 765 2354 qua
800 2269 958 2356 exempla
991 2269 1223 2349 inducuntur,
1262 2272 1364 2336 inter·

298 2382 420 2461 ruptos
444 2397 527 2454 esse,
568 2376 655 2440 mihi
677 2397 883 2462 persuasum
907 2383 959 2444 est
981 2375 1152 2443 Rufinum
1177 2378 1365 2443 sententias

299 2483 474 2547 variorum
508 2484 814 2566 grammaticorum
849 2483 1006 2568 colligere
1042 2490 1076 2549 et
1111 2483 1304 2549 doctrinam
1327 2485 1364 2548 in

299 2610 418 2653 versus
441 2588 594 2672 redigere
619 2590 781 2675 coepisse,
806 2611 879 2654 non
901 2588 1065 2656 finivisse.

407 2694 503 2777 Quae
541 2697 712 2762 sententia
747 2717 788 2762 eo
813 2695 1047 2778 confirmatur,
1084 2698 1180 2784 quod
1214 2696 1365 2763 Rufinus

300 2802 344 2869 ab
381 2802 456 2867 aliis
491 2825 667 2888 nusquam
702 2804 827 2870 allatus
851 2826 924 2870 6666
947 2805 1094 2870 videtur.
1152 2805 1243 2870 Nam
1270 2804 1367 2889 quod

300 2911 365 2976 m'ri
389 2910 482 2975 docti
506 2931 525 2976 a
549 2910 724 2976 Prisciano
748 2912 785 2976 in
808 2910 925 2977 libello
950 2911 992 2977 de
1016 2912 1134 2977 metris
1150 2910 1366 2976 Terentianis

301 3014 424 3082 Rufini
447 3019 736 3084 commentarium
761 3018 803 3084 de
820 3019 937 3084 metris
954 3019 1166 3084 comicorum
1182 3039 1366 3083 excussum

300 3145 373 3190 esse
408 3131 630 3210 putaverunt,
665 3125 702 3190 id
725 3123 812 3191 falso
841 3146 899 3190 eos
934 3123 1054 3190 fecisse
1090 3146 1194 3211 supra
1226 3123 1366 3190 demon-

301 3232 494 3296 stravimus.
553 3230 636 3297 Post
658 3230 780 3298 Rufini
803 3239 951 3298 mortem
973 3234 1114 3317 ignotus
1142 3231 1286 3317 quidam
1309 3231 1367 3296 illa

301 3336 411 3404 frusta
447 3361 488 3404 ex
512 3340 637 3404 scrinio
662 3338 784 3405 Rufini
819 3339 936 3419 edidit,
973 3361 1078 3425 quem
1113 3341 1219 3405 etiam
1246 3336 1368 3403 Rufini

300 3466 420 3510 versus
443 3452 624 3531 tamquam
660 3448 697 3512 in
721 3448 897 3533 epitomen
926 3454 1119 3513 contractos
1153 3467 1186 3532 p.
1224 3445 1299 3524 560,
1312 3489 1367 3529 r-e

302 3553 514 3638 ct576,1-7,
540 3553 582 3618 de
607 3554 736 3638 quibus
760 3575 864 3640 supra
887 3576 964 3640 pag.
990 3555 1032 3619 57
1057 3575 1107 3638 sq.
1138 3554 1200 3637 egi,
1231 3553 1367 3618 concin-

302 3680 403 3724 nasse
426 3659 609 3724 verisimile
635 3667 694 3726 cst.

408 3766 543 3831 Dixeris
568 3766 715 3832 disticho
739 3788 771 3853 p.
797 3768 957 3852 coum:
995 3767 1100 3832 ‘Haec
1130 3787 1192 3850 ego
1216 3764 1368 3832 Rufinus

303 3872 424 3957 collegi
458 3879 575 3939 mente
610 3873 762 3959 benigna
792 3872 794 3944 l
825 3873 1072 3960 discipulisque
1108 3873 1189 3940 dedi
1223 3893 1368 3937 munera

302 3979 448 4066 pulchra
489 3979 611 4046 libens'
648 3983 857 4049 sententiam
895 3987 1050 4048 nostram
1087 3979 1246 4058 refutari,
1287 3980 1369 4064 quia

302 4084 454 4152 Rufinus
488 4088 562 4174 ipsa
598 4111 633 4154 se
673 4090 961 4156 commentarium
1001 4088 1148 4155 edidisse
1188 4083 1369 4151 confirma-

303 4194 398 4260 verit.
448 4193 516 4260 Sed
541 4197 623 4281 quia
647 4197 896 4263 commentaria
919 4217 992 4262 non
1015 4194 1167 4282 perfecta
1191 4215 1264 4258 6666
1293 4193 1369 4277 ipsa

305 4300 441 4381 docent,
467 4303 623 4369 conicere
647 4304 750 4370 nobis
772 4303 852 4369 licet
874 4301 1046 4370 Rufinum
1070 4300 1205 4368 consilii
1235 4300 1290 4364 sui
1323 4296 1369 4362 fe-
