3230 5052
755 489 932 552 -54ss

307 669 394 734 tiam
418 690 460 732 ex
482 667 549 732 hoc
570 666 646 731 loco
663 667 824 752 petivisse
848 686 920 730 non
938 663 1053 729 solum
1068 664 1135 729 hoc
1152 663 1377 742 demonstrat,

309 775 406 860 quod
440 776 524 840 item
547 773 744 839 bacchium.
759 779 793 837 ct
816 771 1092 857 amphibrachyn
1128 771 1282 850 adhibet,
1319 772 1379 836 sed

309 883 415 947 etiam
462 881 545 966 quia
592 880 681 944 sicut
717 879 914 945 Victorinus
950 876 1139 943 confirmat·
1172 877 1378 943 ‘discrimine

309 988 416 1053 nullo’
452 989 538 1073 poni
566 985 855 1073 amphibrachyn,
879 992 912 1050 et
946 984 1141 1050 bacchium.
1190 985 1377 1051 Maximam

310 1102 428 1160 autem
453 1093 695 1159 difficultatem
730 1092 872 1178 praebet
905 1113 1026 1157 versus
1049 1089 1171 1156 Rufini
1198 1112 1230 1176 p.
1257 1091 1378 1176 559‚12:

357 1202 562 1285 ‘legitimum
584 1200 761 1266 interdum
786 1200 850 1265 sub
876 1201 1008 1264 scaenis
1032 1200 1131 1284 ponit
1154 1199 1332 1264 iambum'.

417 1327 574 1391 Primum
597 1327 690 1389 enim
708 1325 794 1410 quid
818 1322 989 1408 significet
1011 1323 1078 1388 hoc
1101 1323 1177 1387 loco
1196 1322 1379 1407 ‘legitimus

311 1434 458 1499 iambus*
496 1455 540 1497 exx
561 1431 683 1496 Rufini
711 1432 867 1498 versibus
890 1431 1039 1516 perspici
1062 1451 1134 1495 non
1157 1436 1280 1516 potest.
1327 1431 1380 1494 Ex

312 1539 470 1625 exemplo
517 1562 559 1604 ex
598 1539 733 1604 Terent.
773 1538 880 1603 Andr.
927 1538 969 1603 68
1010 1537 1114 1603 allato
1139 1538 1379 1620 cognoscimus

314 1646 517 1729 ‘legitimum
562 1645 731 1711 iambum¹
778 1645 845 1710 hoc
883 1644 960 1710 loco
1000 1666 1139 1710 versum
1184 1645 1379 1710 trimetrum

313 1751 506 1836 significare
542 1753 660 1818 videri.
710 1752 778 1817 Sed
812 1774 951 1817 necesse
988 1757 1039 1816 est
1074 1752 1281 1836 perscrutari
1304 1772 1377 1826 nos,

313 1859 407 1944 quid·
434 1859 492 1924 alii
515 1861 564 1924 rei
587 1860 750 1924 metricae
775 1860 955 1944 scriptores
979 1859 1045 1924 hac
1070 1858 1265 1924 elocutione
1290 1878 1380 1924 com·
1490 1879 1496 1894 ·

312 1966 568 2051 prehenderint.
616 1965 854 2050 Relegaverim
889 1965 1033 2030 lectores
1070 1964 1115 2030 ad
1142 1963 1238 2030 Atilii
1260 1965 1379 2030 Fortu·

313 2073 448 2136 natiani
483 2080 591 2137 artem
627 2070 722 2138 GLK
745 2072 801 2150 VI,
827 2094 859 2158 p.
886 2073 960 2152 286,
974 2116 1011 2156 16,
1050 2073 1124 2157 qui:
1163 2079 1301 2151 ‘versus
1330 2073 1379 2136 in-

314 2179 399 2263 quit,
425 2180 487 2264 qui
511 2201 553 2243 ex
575 2179 642 2244 hoc
667 2199 739 2244 uno
764 2183 821 2264 (sc.
846 2178 976 2263 iambo)
1003 2185 1062 2258 est,
1087 2178 1263 2262 legitimus
1296 2180 1379 2244 iam-

312 2286 412 2352 bicus
436 2279 507 2367 erit
534 2309 640 2373 quem
666 2285 789 2352 Graeci
813 2285 923 2369 doddo
945 2291 1082 2365 vocant,
1107 2293 1147 2350 ut
1169 2284 1226 2350 ille
1252 2293 1302 2350 est

525 2395 649 2460 beatus
672 2394 729 2459 illc
755 2393 816 2479 qui
838 2391 959 2478 procul
982 2392 1150 2476 negotiis,

314 2507 347 2565 et
370 2522 403 2586 p.
430 2485 505 2581 287,
520 2525 564 2586 ll:
592 2500 658 2566 tlte
684 2501 778 2566 enim
800 2499 976 2584 legitimus
1001 2498 1103 2578 solus
1141 2521 1247 2584 quem
1272 2500 1381 2583 doddo

314 2606 393 2685 dixi,
429 2607 547 2672 iambo
582 2608 656 2673 solo
693 2610 847 2673 constat’.
896 2605 1011 2687 Quam
1046 2606 1312 2692 explicationem
1336 2608 1380 2672 ad

313 2713 512 2798 exemplum
534 2715 680 2780 trimetri
704 2737 746 2779 ex
770 2715 930 2780 Terentio
955 2736 975 2779 a
999 2712 1129 2779 Rufino
1154 2716 1285 2800 sumpti
1308 2735 1380 2779 non

313 2827 432 2907 aptam
467 2843 540 2887 esse
575 2829 681 2908 patet,
718 2823 801 2908 quia
831 2823 944 2908 primo
969 2829 1003 2886 et
1027 2823 1150 2907 quinto
1174 2822 1250 2886 loco
1274 2822 1380 2888 habet

313 2927 512 2994 solutiones.
629 2956 631 2964 ·

394 3034 501 3101 ¹Alia
536 3057 678 3121 quoque
718 3035 906 3102 difficultas
944 3037 982 3100 in
1020 3035 1080 3101 illo
1118 3034 1241 3101 Rufini
1278 3058 1380 3101 versu

310 3141 414 3206 nobis
461 3140 613 3220 offertur,
662 3165 746 3208 nam
791 3143 964 3208 incertum
1008 3149 1067 3221 est,
1114 3142 1210 3228 quod
1252 3143 1380 3209 habeat

313 3248 509 3314 subiectum
531 3249 677 3314 verbum
704 3251 832 3336 ‘ponit'.
880 3249 994 3335 Atque
1031 3272 1111 3315 cum
1134 3247 1285 3315 Rufinus
1313 3251 1379 3315 hoc

312 3377 414 3422 versu
437 3356 576 3421 nullum
599 3365 739 3442 poetam
763 3359 930 3435 nominet,
960 3355 1036 3422 fieri
1058 3378 1132 3421 non
1155 3363 1269 3442 potest
1293 3359 1379 3443 quin

312 3463 537 3548 respiciamus
561 3463 606 3528 ad
629 3486 749 3529 versus
765 3464 1017 3544 antecedentes,
1042 3465 1080 3528 in
1103 3465 1232 3549 quibus
1248 3465 1378 3550 Hippo-

312 3575 451 3632 nactem
487 3567 597 3649 affert,
635 3593 740 3656 quem
776 3572 880 3636 etiam
915 3577 1033 3636 nostro
1068 3592 1170 3638 versu
1205 3569 1379 3637 aRufino

314 3681 508 3759 spectatum
534 3698 617 3742 vesse
654 3684 797 3763 oportet.
847 3677 915 3742 Sed
942 3677 1023 3742 huic
1048 3679 1239 3742 sententiae
1264 3677 1379 3743 obstat

313 3802 380 3846 vox
406 3785 561 3861 scaena,
587 3805 677 3868 quae
701 3782 838 3850 fabulas
862 3785 898 3847 in
923 3805 1048 3848 scaena
1069 3791 1163 3850 actas
1186 3785 1219 3849 h.
1237 3785 1258 3849 l.
1277 3785 1378 3868 signi-

313 3884 404 3966 ficat,
430 3909 517 3972 quas
541 3889 731 3974 Hipponax
752 3911 826 3954 non
850 3891 1054 3976 composuit.
1101 3891 1192 3974 Ergo
1208 3889 1379 3956 Rufinum

314 3995 481 4077 cogitasse
516 4002 657 4080 poetam
691 3998 862 4081 tragicum
896 3997 951 4064 vel
987 3999 1159 4063 comicum
1189 3998 1277 4063 mihi
1300 4019 1378 4063 con-

314 4100 423 4167 cedes.
470 4101 516 4167 At
536 4123 616 4166 cum
632 4125 747 4188 neque
764 4104 830 4169 hoc
850 4126 952 4169 versu
964 4126 1079 4190 neque
1093 4105 1379 4172 antecedentibus

314 4209 493 4274 scaenicus
528 4216 632 4294 poeta
667 4211 869 4276 nominatus
899 4212 956 4291 sit,
992 4210 1157 4276 lacunam
1193 4234 1266 4278 esse
1289 4214 1380 4278 inter

313 4316 442 4401 primos
488 4323 557 4381 tres
602 4338 723 4382 versus
763 4325 796 4382 et
835 4324 1000 4402 quartum
1039 4339 1158 4403 supra
1190 4319 1378 4405 descriptos
