3230 5052
780 487 955 549 -..12-

336 667 532 754 syllabast&
558 667 609 730 Dc
634 665 882 730 commentario
916 665 954 727 in
978 661 1190 728 Pseudolum
1226 663 1282 746 agi
1321 685 1401 728 cum

336 799 378 840 ex
415 775 491 839 loco
528 773 708 857 descript0,
744 778 821 836 tum
861 793 902 834 cx
939 769 1062 847 vorbis,
1100 791 1190 853 quae
1224 791 1258 855 p.
1284 769 1401 854 adop
1455 771 1460 776 ’

334 883 505 966 leguntur,
543 884 695 966 apparet,
732 877 825 942 undo
857 877 958 941 series
996 875 1246 941 nonnullarum
1287 876 1402 943 Plauti

335 987 533 1054 fabularum
556 986 711 1050 locorum
736 983 1015 1069 explicationum,
1050 983 1141 1048 inter
1179 1005 1266 1068 quas
1297 984 1401 1049 etiam

336 1095 455 1160 Scauri
479 1093 660 1178 explicatio
701 1097 760 1169 est,
785 1091 925 1156 initium
954 1091 1003 1155 ita
1038 1090 1150 1174 capit:
1185 1089 1341 1156 'Sisenna
1364 1092 1402 1154 in

336 1200 584 1268 commentario
620 1197 766 1263 Poenuli
815 1195 995 1261 Plautinae
1030 1195 1190 1261 tabulae'.
1239 1196 1402 1282 Sequitur

336 1315 453 1374 autem
477 1328 509 1391 p.
536 1305 637 1389 561,2
663 1306 708 1368 ‘in
721 1302 892 1368 Pseudolo
906 1303 974 1382 sic',
989 1303 1083 1387 quod
1107 1303 1246 1368 brevius
1270 1303 1402 1369 dictum

337 1437 410 1480 esse
434 1434 496 1500 pro
523 1414 568 1476 ‘in
593 1403 841 1476 commentario
865 1409 1028 1476 Pseudoli
1050 1409 1232 1476 Plautinae
1262 1407 1401 1476 fabulae

336 1523 393 1586 sic’
430 1540 577 1605 eamque
613 1517 877 1603 explicationem
925 1517 1028 1582 ctiam
1075 1516 1120 1581 ad
1154 1516 1259 1581 verba
1298 1538 1402 1603 supra

337 1630 440 1694 citata
465 1627 625 1692 ‘Scaurus
648 1625 689 1688 in.
710 1623 832 1689 eadam
856 1621 975 1689 fabula
1000 1624 1057 1689 sic'
1073 1624 1175 1688 simili
1198 1623 1303 1688 modo
1329 1646 1401 1689 essa

335 1733 612 1800 transferendam
635 1752 739 1796 nemo
764 1752 837 1796 non
859 1729 963 1796 videt.

385 1841 386 1846 ’
442 1841 521 1906 Non
555 1841 715 1924 ineptum
750 1838 886 1903 videtur
924 1838 990 1902 hoc
1029 1837 1105 1902 loco
1129 1837 1272 1902 lectores
1297 1839 1402 1903 etiam

337 1949 381 2014 ad
428 1948 548 2014 Scauri
593 1953 702 2012 artam
752 1945 902 2028 relegare
960 1945 1221 2028 grammaticam
1279 1950 1312 2009 ct
1359 1944 1403 2010 ad

336 2054 611 2131 commentarios
653 2073 741 2136 quos
776 2072 848 2116 non
887 2051 993 2116 modo
1037 2051 1075 2114 in
1113 2051 1228 2116 Plauti
1266 2050 1403 2117 fabulas

337 2161 533 2245 composuit
557 2157 611 2242 (ci.
636 2158 779 2223 Ritsohl.
805 2158 952 2242 Parcrga
975 2157 990 2222 l
1014 2180 1046 2244 p.
1074 2159 1161 2242 375),
1199 2158 1259 2223 sed
1299 2159 1403 2223 etiam

336 2269 373 2332 in
396 2265 587 2331 Aeneidem
610 2265 751 2349 Vergilii
763 2273 868 2350 atquc
891 2266 928 2329 in
941 2265 1077 2330 Horatii
1093 2271 1201 2330 artem
1220 2266 1401 2352 poeticam,

337 2396 443 2459 quem
482 2372 625 2458 quidem
661 2373 950 2437 commentarium
985 2393 1057 2437 non
1092 2373 1211 2437 omnia
1251 2373 1404 2438 cannina

338 2481 558 2566 complexum
589 2501 662 2544 asse
697 2479 880 2544 uerisimile
915 2486 1001 2564 puto
1010 2479 1045 2563 62),
1086 2486 1126 2543 ut
1164 2479 1238 2544 aliis
1262 2499 1403 2565 quoque

337 2587 455 2653 multis
489 2587 573 2651 locis
609 2587 806 2651 occasiones
841 2584 947 2651 fuisse
972 2585 1014 2650 de
1045 2587 1162 2651 metris
1186 2587 1403 2652 Terentianis

338 2701 371 2758 et
396 2693 566 2759 Plautinis
590 2692 799 2758 sententiam
823 2692 961 2757 dicendi
985 2699 1158 2778 appareat.

443 2800 481 2865 L.
497 2799 684 2865 Caecilium
697 2800 847 2865 Firmia
856 2823 909 2864 nu
918 2822 952 2864 m
965 2800 1187 2865 Lactantium
1204 2807 1404 2886 excerptum

338 2906 433 2996 apud
456 2905 628 2972 Rufinum
646 2906 817 2973 habemus
830 2929 863 2992 p.
878 2907 980 2991 564Ἱ8
1005 2929 1069 2992 sq.;
1096 2907 1191 2991 quod
1205 2915 1405 2992 excerptum

337 3012 429 3079 inira
468 3014 648 3099 descripsi:
688 3014 892 3079 ‘Firmianus
931 3013 976 3078 ad
1020 3013 1174 3079 Probum
1209 3013 1252 3078 da
1287 3013 1405 3078 matris

339 3120 599 3186 comoediarum
654 3121 700 3184 sic
752 3120 843 3200 dicit,
899 3121 999 3185 ‘Nam
1050 3120 1145 3206 quod
1199 3119 1241 3185 de
1287 3120 1405 3184 metris

339 3227 598 3294 comoediarum
610 3228 794 3312 requisisti,
809 3235 843 3294 et
863 3248 925 3311 ego
940 3229 1009 3293 scio
1026 3227 1194 3314 plurimos
1211 3226 1405 3292 existimare

338 3335 563 3401 Terentianae
586 3335 641 3401 vel
664 3336 814 3401 maxime
838 3333 974 3401 fabulas
998 3343 1148 3401 metrum
1171 3355 1244 3399 non
1278 3332 1405 3398 habere

446 3513 473 3580 1)
494 3515 588 3566 ‘Matri
608 3515 714 3581 causa',
734 3531 809 3580 quae
829 3517 919 3567 verba
946 3518 1015 3580 post
1043 3513 1189 3580 ‘syllabas’
1210 3512 1242 3563 in
1274 3511 1405 3564 editione

339 3602 477 3653 Kciliana
496 3601 642 3670 leguntur,
663 3604 772 3655 iniuria
801 3621 837 3656 ex
865 3605 1013 3670 prioribus
1042 3601 1225 3653 editionibus
1254 3605 1406 3667 receptum

340 3695 391 3755 est,
413 3707 593 3755 quamquam
612 3692 643 3742 in
664 3691 817 3744 codicibus
837 3691 958 3759 optimis
977 3706 1038 3743 non
1057 3690 1192 3744 traditur.

445 3779 473 3843 2)
494 3780 540 3831 Me
560 3795 615 3832 neo
635 3780 769 3832 decimus
789 3781 865 3833 liber
885 3781 1091 3833 commentarii
1101 3781 1133 3831 in
1144 3783 1237 3832 artem
1248 3780 1405 3846 poeticam,

339 3883 428 3932 quern
448 3869 632 3933 grammat-ici
651 3870 825 3936 citaverunt,
845 3886 900 3922 nec
919 3871 1041 3934 quintus
1069 3869 1145 3922 liber
1173 3870 1346 3935 carminum,
1375 3867 1407 3920 id

340 3962 385 4009 cst
404 3955 522 4023 epodon
541 3958 617 4009 liber
636 3958 716 4024 apud
735 3959 904 4011 Charisium
932 3965 962 4011 et
989 3958 1166 4011 Diomedem
1196 3959 1404 4024 commovebit,

339 4051 373 4098 ut
391 4047 469 4098 ultra
492 4047 631 4111 quintum
668 4048 794 4100 librum*
814 4064 969 4100 numerare
1007 4049 1112 4100 satiras
1141 4052 1170 4100 et
1202 4047 1345 4114 epistulas
1374 4052 1404 4099 et

341 4140 434 4189 artem
461 4135 608 4202 poeticam
635 4152 756 4203 pergam
784 4153 852 4188 cum
888 4137 982 4189 Birti0
1011 4138 1086 4190 Mus
1115 4138 1208 4190 Rhen.
1237 4137 1406 4202 XXXVIII,

327 4225 442 4294 -(1883)‚
462 4223 589 4296 p.‚199‚2‚
609 4225 679 4278 inde
700 4242 717 4277 a
735 4227 811 4279 libro
831 4233 915 4278 sexto
935 4243 1028 4292 usque
1049 4226 1271 4293 decimum‚nisi
1282 4225 1408 4291 vestigia

341 4315 573 4368 enumerationis
592 4317 670 4367 ultra
688 4315 827 4382 quintum
845 4316 954 4367 librum
974 4317 1176 4369 continuantis
1205 4314 1406 4366 inveniuntur.
