3230 5052
712 479 888 544 „71-

265 659 350 723 cisse
384 657 658 744 propositionem
682 663 724 737 et,
764 657 801 722 id
825 658 922 743 quod
948 659 1050 724 multi
1073 658 1216 741 faciunt,
1253 661 1332 727 sub-

265 765 487 850 scriptionem
511 762 577 828 sibi
601 763 784 829 adnotasse
800 765 838 828 in
854 767 1101 852 manuscripta,
1126 768 1333 853 priusquam

265 871 513 937 commentaria
547 871 623 956 ipsa
657 869 865 956 perfecisset.
913 872 1004 938 Tum
1033 874 1062 937 si
1095 874 1169 960 ipse
1197 873 1332 942 libellos

265 977 437 1058 edidisset,
474 977 647 1043 distichon
681 979 719 1042 in
753 975 824 1042 fine
860 979 1000 1045 alterius
1034 981 1220 1066 posuisset,
1262 1003 1332 1067 quo

264 1085 340 1150 loco
365 1083 446 1149 finis
470 1091 529 1150 est.
611 1156 612 1160 Ἰ

371 1192 423 1257 De
446 1192 517 1257 vita
541 1189 663 1256 Rufini
686 1191 774 1256 nihil
791 1193 929 1272 scimus
954 1192 1226 1261 Antiochensem
1251 1217 1332 1261 eum

264 1297 371 1364 fuisse
394 1299 635 1384 inscriptiones
660 1298 795 1364 docent.
842 1300 887 1365 Et
922 1302 1090 1385 quoniam
1117 1304 1333 1386 grammatici

265 1407 381 1491 quarti
415 1405 543 1471 saeculi
577 1407 615 1469 in
650 1408 911 1472 enumeratione
947 1415 1130 1474 auctorum
1157 1431 1178 1475 a
1201 1407 1331 1476 Rufino

265 1517 433 1582 nominat'
461 1520 542 1581 sunt
567 1519 600 1578 et
623 1514 661 1577 in
685 1513 913 1599 explicatione
944 1517 1104 1601 excerpti,
1141 1517 1205 1582 viri
1240 1518 1333 1583 docti

265 1646 347 1689 eum
381 1623 487 1711 paulo
511 1620 690 1708 pastillos
725 1621 849 1686 11111666
886 1630 1096 1688 censuerunt
1127 1624 1259 1689 sivein
1282 1625 1332 1689 ul-

265 1732 351 1796 tima
374 1738 471 1816 parte
497 1729 612 1814 quarti
636 1727 764 1794 saeculi
788 1730 830 1810 (v.
848 1727 936 1793 Keil.
963 1726 1023 1793 GL
1036 1729 1084 1794 VI
1106 1752 1139 1815 p.
1158 1730 1235 1815 553)
1261 1732 1352 1797 siva

265 1839 302 1902 in
324 1838 437 1923 prima
460 1843 557 1922 pa1te
582 1836 697 1921 quinti
720 1837 762 1917 (v.
785 1835 915 1914 Osann,
939 1835 1097 1920 Beitrttge
1121 1859 1182 1901 zur
1204 1838 1330 1922 griech.

265 1967 298 2008 u.
323 1953 408 2008 rom.
444 1944 640 2021 Litteratur,
676 1943 709 2007 Π
732 1963 808 2028 pag.
835 1942 922 2026 307).
986 1941 1100 2024 Quam
1124 1945 1332 2010 sententiam

266 2058 437 2117 structura
461 2049 645 2115 confirmat
672 2070 853 2128 versuum3
889 2071 973 2115 nam
1009 2071 1225 2136 quamquam
1260 2073 1332 2116 non

265 2158 344 2244 plus
387 2159 563 2242 octoginta
595 2158 721 2222 'versus
759 2157 952 2223 hexametri
989 2158 1177 2223 memoriae
1215 2157 1333 2224 traditi

266 2272 356 2345 sunt,
381 2272 501 2330 tamen
524 2263 790 2348 grammaticum
814 2270 938 2349 qua1to
962 2263 1017 2328 vel
1041 2265 1164 2348 quinto
1194 2265 1331 2331 saeculo

265 2371 422 2438 floruisse
446 2370 629 2437 illustrant.

371 2479 424 2543 Ex
446 2477 643 2543 Drobischii
667 2479 881 2563 quaestione,
907 2499 997 2562 quae
1020 2477 1244 2544 inscribitur?
1265 2479 1331 2543 Ein
1449 2494 1452 2504 ·

266 2586 490 2652 stetistischer
513 2586 669 2651 Versuch
692 2584 779 2650 iiber
802 2585 857 2665 die
881 2585 1030 2666 Formen
1055 2585 1115 2650 des
1138 2586 1196 2650 lat.
1219 2584 1331 2651 Hexa-

264 2699 399 2772 metars,
436 2692 594 2758 Berichte
629 2691 716 2757 tiber
751 2692 805 2757 die
829 2692 1127 2776 Verhandlungen
1163 2693 1224 2758 der
1246 2693 1279 2758 k.
1305 2716 1330 2759 s.

217 2776 229 2792 ³
266 2797 450 2865 Gesellsch.
477 2800 537 2865 der
559 2800 659 2864 Wiss.
697 2820 740 2863 zu
773 2799 924 2885 Leipzig,
960 2799 1172 2884 philol-hist.
1198 2799 1330 2878 Klasse,

265 2905 326 2971 Bd.
363 2906 479 2972 XVIII
513 2904 625 2990 (1866)
661 2927 738 2993 pag.
776 2905 929 2971 75-139
953 2904 1052 2971 facile
1092 2927 1181 2990 quae
1206 2927 1331 2990 genera

264 3013 467 3079 hexametri·
491 3012 635 3096 singulis
669 3013 885 3100 temporibus
921 3014 965 3078 ab
988 3013 1103 3078 Ennio
1139 3033 1251 3097 usque
1287 3013 1330 3078 ad

265 3119 497 3186 ClaudIanum
521 3121 672 3186 maxime
695 3121 823 3186 usitata
847 3119 986 3201 fuerint,
1010 3120 1246 3206 perspicimus.
1296 3118 1332 3185 Si

263 3226 510 3292 Drobischium
534 3229 643 3292 secuti
676 3249 795 3294 versus
820 3227 1027 3314 spondiacos
1063 3233 1329 3313 praetereamus

265 3355 415 3418 quorum
438 3335 476 3399 in
498 3332 621 3399 Rufini
656 3336 903 3400 commentario
940 3334 1139 3419 exemplum
1173 3354 1247 3398 non
1281 3333 1331 3397 in-

265 3442 412 3521 venitur,
438 3440 589 3506 sedecim
612 3439 741 3506 formas
764 3441 956 3506 hexametri
972 3440 1130 3526 dactylici
1148 3439 1329 3519 habemus,

263 3555 368 3632 prout
392 3548 519 3634 dactyli
543 3549 591 3633 (d)
628 3556 661 3614 et
692 3547 838 3635 spondei
862 3551 903 3631 (s)
938 3549 976 3612 in
1011 3551 1177 3632 quattuor
1211 3547 1331 3632 p1imis

264 3654 412 3740 pedibus
435 3657 614 3722 variantur
648 3658 690 3738 (v.
716 3654 906 3734 Drobisch,
934 3654 956 3720 l.
980 3655 1002 3719 l.
1027 3676 1104 3740 pag.
1131 3654 1196 3738 76).
1254 3653 1330 3718 Fre-

265 3763 407 3845 quentIa
431 3783 598 3846 generum
621 3763 813 3829 hexametri
848 3763 944 3848 apud
970 3759 1144 3827 Rufinum
1177 3761 1331 3826 numeris

264 3889 424 3954 expressa
449 3876 499 3936 est
523 3870 623 3936 haec:
