3230 5052
755 505 932 568 „34-

308 683 391 748 artis
415 683 574 748 certiores
597 681 680 748 iacti
704 704 825 747 sumus
850 703 931 747 eum
954 681 1061 747 libros
1090 681 1291 765 singulatim
1308 681 1376 746 edi-

309 789 399 855 disse
424 787 479 872 (ci.
503 790 541 855 L.
567 790 663 876 Jeep,
688 788 890 855 Redetheile
914 811 946 875 p.
974 790 1038 873 73).
1095 789 1252 870 Quorum
1275 788 1376 854 libro-

307 918 385 961 rum
420 898 554 982 primus
589 903 661 962 erat
697 896 750 961 ‘de
788 895 956 961 institutis
991 897 1073 961 artis
1109 897 1375 979 grammaticae,

308 1003 394 1069 alter
430 1002 483 1069 ‘de
517 1005 703 1068 nominum
736 1003 994 1093 verborumque
1029 1004 1163 1068 ratione
1187 1024 1260 1068 nec
1295 1024 1377 1068 non

309 1111 435 1176 etiam
461 1110 510 1174 de
534 1117 847 1175 structurarum
871 1110 1289 1195 compositionibus',
1312 1117 1377 1175 ter-

307 1219 377 1282 tius
402 1216 455 1282 ‘de
479 1218 617 1282 metris'.
665 1216 780 1303 Atque
805 1238 885 1282 cum
909 1218 1157 1300 grammaticus
1179 1218 1253 1303 ipse
1277 1223 1377 1282 teste-

308 1331 373 1404 tur,
411 1324 687 1390 dissertationem
712 1324 754 1390 de
778 1329 951 1389 'structura
975 1345 1038 1388 suo
1062 1323 1138 1389 loco
1164 1345 1247 1402 esse,
1284 1345 1377 1388 cum-

309 1452 377 1516 que
401 1453 433 1516 p.
459 1431 535 1510 492,
548 1475 576 1516 25
600 1430 757 1515 legamus
781 1430 1002 1496 Sacerdotem
1027 1438 1131 1496 antea
1155 1430 1197 1495 de
1228 1430 1378 1517 pedibus

308 1539 345 1601 in
368 1537 457 1603 libro
480 1539 592 1624 primo
618 1537 765 1622 egisse,1)
800 1539 838 1603 in
861 1538 928 1603 hoc
950 1537 1049 1617 libro,
1086 1539 1124 1601 in
1159 1558 1229 1622 quo
1260 1536 1303 1602 de
1326 1539 1377 1602 in-

310 1645 438 1710 stitutis
462 1645 544 1710 artis
567 1647 812 1728 grammaticae
848 1645 971 1728 agitur,
1010 1645 1115 1709 etiam
1151 1644 1193 1709 de
1228 1644 1377 1730 pedibus

309 1758 426 1817 actum
461 1749 566 1817 fuisse
591 1773 730 1817 necesse
755 1759 815 1817 est.
877 1751 980 1833 Quod
1004 1751 1100 1838 apud
1134 1752 1377 1835 grammaticos

308 1858 435 1924 latinos
468 1881 504 1924 re
540 1881 620 1924 vera
654 1860 702 1924 ita
737 1857 844 1925 fuisse
881 1859 981 1924 docet
1016 1880 1080 1923 nos
1111 1859 1270 1924 Donatus
1306 1865 1377 1924 arte

309 1966 448 2045 maiore,
485 1966 547 2030 ubi
581 1966 734 2051 primum
769 1968 882 2050 agitur
906 1966 948 2031 de
972 1987 1066 2045 voce,
1104 1966 1147 2030 de
1174 1967 1297 2046 littera,
1334 1965 1377 2032 de

310 2071 451 2157 syllaba,
478 2072 520 2137 de
544 2072 744 2158 pedibus,
782 2072 824 2138 de
849 2073 951 2152 tonis,
977 2073 1020 2138 de
1044 2073 1217 2158 posituris,
1251 2073 1376 2137 deinde

310 2178 352 2244 de
377 2185 455 2244 octo
478 2179 636 2264 partibus
660 2180 835 2259 orationis,
874 2167 1049 2265 postremo
1074 2180 1232 2245 devitiis
1256 2186 1290 2244 et
1313 2180 1376 2245 vir-

309 2286 444 2351 tutibus
468 2286 671 2370 oratoriis.²).
730 2285 776 2351 At
810 2287 943 2372 primus
977 2286 1064 2351 liber
1087 2286 1281 2352 Sacerdotis
1307 2293 1376 2351 tur-

309 2393 412 2458 batus
448 2400 499 2458 est
534 2400 639 2477 atque
674 2393 860 2458 lacunosus
896 2392 950 2477 (ci.
974 2393 1013 2458 L.
1038 2393 1124 2478 Jeep
1147 2392 1168 2457 l.
1193 2393 1214 2458 l.
1251 2415 1284 2479 p.
1311 2395 1375 2477 74).

309 2501 453 2566 Initium
476 2500 555 2565 libri
579 2500 675 2565 deest
697 2507 821 2580 toturn,
848 2501 931 2585 quia
955 2500 1026 2565 duo
1051 2501 1298 2585 quaterniones
1322 2523 1376 2565 ex-

311 2607 398 2672 ordii
432 2608 609 2692 perierunt
644 2606 698 2690 (ci.
723 2607 823 2687 Keil,
861 2606 919 2671 GL
937 2607 992 2685 Vl,
1018 2629 1051 2692 p.
1077 2608 1164 2690 417).
1229 2607 1305 2689 Qua
1340 2608 1377 2672 in

309 2720 407 2798 parte
430 2720 616 2778 tractatum
640 2712 785 2779 infuisse
810 2714 852 2779 de
876 2714 1026 2800 pedibus
1062 2737 1103 2779 ex
1126 2715 1256 2780 Donati
1287 2736 1376 2780 corn-

310 2821 489 2906 paratione
513 2821 802 2886 verisimillimum
826 2829 885 2886 est.
946 2822 1043 2903 Quae
1079 2823 1250 2887 sententia
1278 2843 1318 2887 ea
1341 2843 1377 2886 re

311 2933 466 3010 augetur,
504 2927 599 3011 quod
622 2928 790 3007 Donatus,
828 2951 908 2994 cum
936 2936 1045 2994 artem
1081 2950 1180 2993 suam
1205 2929 1376 3008 scriberet,

311 3032 533 3100 Sacerdotem
567 3042 692 3100 notum
726 3035 889 3100 habebat.
937 3037 1026 3101 Nam
1063 3036 1284 3101 Sacerdotem
1314 3057 1377 3101 suo

419 3193 445 3260 l)
465 3197 561 3248 Locus
581 3197 629 3247 hic
650 3201 706 3248 est:
728 3196 885 3259 ‘Quoniam
907 3197 998 3263 igitur
1017 3197 1053 3249 de
1073 3197 1200 3264 pedibus
1220 3197 1377 3264 disyllabis

311 3288 340 3334 et
359 3283 522 3349 trisyllabis
541 3301 596 3338 nec
615 3301 676 3337 non
696 3290 725 3337 et
744 3290 885 3351 quattuor
904 3288 1085 3354 syllabarum
1099 3288 1131 3339 in
1149 3288 1268 3354 primo
1289 3287 1378 3339 docui

311 3373 405 3426 libro’.
438 3373 549 3426 Similis
569 3376 652 3427 locus
672 3381 717 3427 est
735 3393 763 3442 p.
782 3375 843 3442 498,
855 3395 891 3447 18²
913 3376 1082 3444 ‘Trisyllabi
1101 3377 1192 3443 pedes
1212 3381 1282 3428 sunt
1301 3381 1377 3442 octo,

311 3461 379 3515 ideo
408 3463 550 3528 quoniam
568 3468 627 3516 tres
647 3466 778 3531 syllabae
808 3471 874 3518 octo
903 3467 1054 3520 schemata
1076 3467 1195 3519 habent.
1225 3466 1278 3518 sed
1297 3466 1377 3520 unde

311 3552 455 3604 traxerint
482 3569 592 3605 nomen
621 3553 735 3606 docebo
763 3555 828 3606 sine
857 3556 1009 3622 exemplis
1038 3555 1181 3620 quoniam
1208 3556 1378 3622 inprime

311 3640 387 3692 libro
407 3642 623 3708 explicabiliter
642 3641 852 3695 demonstravi.

418 3730 444 3799 2)
473 3732 576 3795 Neque
608 3747 655 3782 mo
686 3731 763 3798 fugit
791 3732 927 3783 codicum
958 3733 1157 3784 recentiorum
1188 3734 1264 3785 alius
1296 3733 1376 3786 ordo.

313 3817 388 3869 Nam
416 3818 502 3872 codd.
521 3819 722 3872 Berolinensis
751 3820 910 3871 Diezianus
942 3819 988 3886 66,
1021 3821 1174 3873 Parisinus
1206 3823 1377 3888 Sangerma-

311 3908 414 3959 nensis
434 3907 511 3974 1180,
530 3910 661 3960 Venetus
680 3909 847 3961 Marcianus
868 3910 951 3962 class.
980 3910 1062 3976 XIII,
1082 3909 1117 3962 66
1136 3911 1311 3976 particulam
1332 3911 1377 3963 ‘dc

312 4012 383 4048 voce
403 4028 438 4034 —
462 3997 498 4049 de
518 3997 667 4064 posituris’
696 4003 747 4050 aut
766 4002 859 4050 totam
878 4003 929 4050 aut
948 4005 1061 4065 partem
1082 4001 1137 4051 arti
1160 4000 1269 4053 minori
1297 4001 1377 4052 attri-

310 4087 416 4151 buunt,
437 4103 504 4138 cum
524 4087 574 4139 alii
593 4103 659 4138 earn
678 4092 846 4153 camparte
867 4087 912 4139 ‘de
935 4089 1118 4140 barbarismo
1146 4120 1182 4126 —-
1209 4088 1246 4142 de
1275 4090 1376 4157 tropis'

311 4175 343 4226 in
362 4175 424 4227 fine
444 4175 565 4228 maioris
585 4178 655 4229 artis
675 4178 829 4243 collocent,
850 4182 883 4229 ut
902 4177 1055 4229 Parisinus
1074 4177 1152 4244 7490,
1176 4179 1377 4245 Sangallensis

312 4262 372 4329 855,
393 4265 593 4331 Sangallensis
612 4265 672 4320 877.
700 4267 924 4333 Nonnunquam
944 4283 1011 4333 pars
1032 4266 1077 4319 ‘de
1097 4283 1168 4319 voce
1188 4267 1279 4320 —de
1299 4269 1376 4335 posi-

312 4353 395 4404 turis'
414 4353 510 4419 prima
530 4372 576 4407 ars
595 4361 790 4424 nuncupatur,
818 4361 852 4409 ut
881 4374 898 4409 a
917 4357 1069 4409 Prisciano
1100 4356 1150 4409 GL
1164 4358 1208 4408 ΙΙΙ
1227 4373 1254 4423 p.
1274 4355 1334 4422 414,
1345 4390 1377 4427 21·

532 4606 952 4856 ‚n
968 4744 1186 5012 fi

520 4907 618 5014 ,g
765 4900 826 5014 l

1587 707 1598 753 'l
