3230 5052
666 511 842 573 -43—

217 696 327 754 artem
350 689 480 753 Donati
504 688 637 774 scriptis
651 687 846 772 quidquam
863 688 905 752 de
918 690 1072 753 numeris
1085 696 1118 753 et
1135 653 1288 774 1111111113ἱ

217 796 373 861 oratoriis
397 795 496 872 inest,
523 795 691 879 quoniam
708 796 745 858 in
757 795 887 861 Donati
911 802 982 860 arte
995 796 1133 860 numeri
1146 798 1284 861 oratorii

216 903 414 988 pertractati
438 924 511 967 non
536 909 626 967 sunt.
676 901 744 966 Sed
782 908 913 967 restant
937 901 1033 968 GLK
1045 902 1118 982 Vll,
1159 925 1191 988 p.
1218 904 1281 967 537

217 1017 377 1096 excerpta
401 1032 443 1074 ex
482 1017 553 1074 arte
605 1010 829 1093 grammatica
860 1008 976 1092 Sergii.
1026 1008 1166 1074 Servata
1202 1020 1282 1075 sunt

217 1117 335 1182 codice
359 1116 443 1181 olim
466 1116 632 1181 Bobiensi
656 1115 1030 1181 nuchindobonensi
1055 1117 1106 1195 16,
1131 1117 1282 1201 primum

217 1225 309 1290 edita
337 1225 373 1287 in
409 1222 573 1288 analectis
615 1223 847 1306 grammaticis
882 1223 926 1288 ab
965 1221 1203 1289 Eichenfeldio
1251 1233 1282 1289 et

217 1330 425 1396 Endliclrero
473 1330 599 1395 curatis
647 1329 877 1395 Vindobonae
926 1331 1011 1395 1837
1046 1352 1079 1416 p.
1118 1330 1191 1395 197.
1243 1331 1284 1395 ln

216 1438 335 1518 titulis,
384 1438 426 1503 de
466 1436 594 1522 quibus
619 1436 757 1520 Sergius
796 1438 994 1503 tractavisse
1035 1438 1169 1517 dicitur,
1202 1447 1283 1504 sunt

218 1544 412 1610 ‘clausulae’
472 1565 623 1628 quoque,
671 1565 778 1629 quam
824 1551 958 1629 partem
993 1546 1075 1610 artis
1110 1542 1216 1609 fuisse
1241 1545 1283 1609 de

218 1653 469 1738 compositione
504 1672 690 1716 numerosa
737 1658 914 1716 oratorum
965 1653 1093 1716 scimus
1128 1674 1170 1716 ex
1209 1651 1283 1716 aliis

216 1761 298 1825 artis
323 1758 556 1845 scriptoribus,
572 1765 611 1823 111
624 1759 772 1843 exempli
786 1780 889 1823 causa
909 1756 1053 1824 afferam
1065 1759 1280 1824 Victorinum

217 1866 313 1931 GLK
339 1865 396 1945 Vr,
433 1887 465 1952 p.
493 1864 603 1948 191,
630 1866 691 1950 qui
737 1864 782 1929 ad
829 1866 1078 1950 quaestionem,
1119 1865 1206 1951 quid
1241 1867 1282 1931 sit

217 1973 381 2052 clausula,
406 1971 607 2058 respondet:
636 1973 849 2057 ‘compositio
873 1972 1066 2058 plausibilis
1091 1980 1282 2040 structurae

217 2082 311 2147 exitu
357 2081 564 2146 terminata'.
619 2080 663 2144 Et
709 2081 878 2165 quoniam
924 2081 1109 2145 nominum
1154 2079 1283 2148 lomras

216 2188 354 2272 Sergius
379 2195 412 2252 et
437 2187 575 2252 Servius
599 2187 672 2251 sine
696 2185 768 2253 ullo
794 2186 990 2252 discrimine
1014 2189 1052 2252 in
1086 2210 1154 2253 usu
1176 2186 1283 2254 luisse

216 2301 360 2374 constat,
386 2315 455 2379 qua
480 2294 522 2358 de
546 2315 581 2357 re
606 2291 761 2358 conteras
791 2293 878 2358 Keil.
901 2292 960 2357 GL
973 2294 1021 2359 IV
1044 2317 1076 2380 p.
1101 2295 1179 2374 LII,
1211 2317 1283 2360 non

215 2403 414 2486 negaverim
449 2401 504 2465 hic
539 2401 682 2483 vestigia
718 2401 799 2464 artis
833 2400 925 2465 illius
962 2400 1074 2480 latere,
1124 2424 1194 2486 qua
1240 2403 1283 2466 de

215 2508 367 2576 Rufinus
392 2508 412 2573 l.
439 2531 465 2574 c.
491 2508 662 2591 cogitavit.

322 2634 511 2718 Reliquum
535 2640 594 2712 est,
642 2641 682 2698 ut
721 2632 763 2696 de
809 2633 1004 2718 Pompeio
1050 2634 1283 2700 Messalino

216 2764 327 2826 agam,
359 2763 465 2827 quem
488 2738 640 2805 Rufinus
686 2761 902 2824 quamquam
948 2742 985 2804 in
1022 2743 1283 2807 enumeratione

216 2856 398 2915 auctorum
443 2848 580 2912 numeri
626 2847 765 2912 oratorii
811 2868 883 2911 non
929 2849 1132 2926 nominavit,
1164 2855 1282 2913 tamen

216 2956 383 3041 excerpsit
418 2978 450 3041 p.
477 2955 551 3033 575,
565 3000 593 3039 12
632 2955 669 3018 in
693 2953 931 3038 explicatione,
972 2954 1047 3019 ubi:
1087 2955 1282 3040 ‘Pompeius

215 3063 430 3138 Messalinus,
454 3063 578 3146 inquit,
606 3061 648 3125 de
673 3061 822 3146 pedibus
858 3068 891 3126 et
915 3062 1069 3126 numeris
1106 3067 1281 3126 oratorum

216 3172 262 3236 sic
287 3169 379 3246 dicit,
421 3169 547 3234 cicer-0
587 3167 783 3254 spondeum
817 3169 934 3233 incisis
968 3168 1136 3233 idoneum
1171 3175 1280 3254 putat,

216 3279 307 3362 quia,
348 3285 387 3342 ut
426 3277 482 3355 ait,
519 3277 731 3361 paucitatem
777 3274 908 3361 pedum
943 3277 1110 3359 gravitate
1147 3297 1210 3340 sua
1249 3282 1282 3340 et

214 3384 376 3450 tarditate
411 3391 622 3469 compensat,
660 3381 863 3447 doclrmium
888 3388 1010 3468 aptum
1046 3383 1170 3467 quovis
1205 3381 1281 3446 loco

215 3513 298 3571 esse,
312 3490 846 3576 dumsemelponatur,quoniam
859 3490 1083 3554 continuatus
1095 3510 1279 3554 numerum

215 3619 377 3683 asperum
402 3596 545 3676 alliciam
572 3596 774 3662 dichoreum
799 3618 940 3681 quoque
953 3596 1126 3682 praeclare
1145 3595 1280 3662 cadere:

215 3705 276 3770 sed
299 3703 453 3790 palmam
489 3704 531 3769 de
571 3704 734 3769 omnibus
775 3705 899 3769 cretico
934 3704 1076 3770 tribuit'.
1115 3704 1210 3768 idem
1239 3703 1281 3768 de

215 3811 425 3876 Sallustiana
451 3812 701 3897 compositione
726 3813 797 3876 sive
822 3811 865 3875 de
890 3833 1036 3877 numero
1054 3819 1087 3876 ct
1111 3817 1282 3875 structura

214 3920 262 3984 sic
320 3918 411 3994 (11111,
461 3919 580 3996 ‘Nunc
629 3919 657 3983 si
680 3919 826 3996 ridetur,
874 3918 1103 3982 Sallustianae
1149 3916 1282 4002 periodi

213 4046 378 4092 numeros
401 4026 642 4111 inspiciamus:
670 4033 733 4090 ‘res
756 4028 862 4110 popu'
881 4023 1047 4108 dactylus,
1076 4023 1109 4087 li
1131 4024 1281 4088 Romani

213 4134 338 4198 Marco'
363 4139 432 4198 tres
478 4131 633 4218 spondei,
684 4132 835 4218 ‘Lepido'
884 4138 1102 4216 anapaestus,
1141 4128 1281 4210 ‘Quinto

214 4240 346 4306 Catulo'
373 4239 550 4326 spondeus
582 4247 614 4305 et
646 4246 866 4324 anapaestus,
905 4236 1127 4303 ‘consulibus'
1167 4257 1281 4322 paeon

212 4349 355 4434 primus
383 4357 431 4412 ‘ac
457 4347 592 4412 deinde'
618 4346 802 4411 dichoreus
820 4348 889 4411 sive
904 4346 1133 4423 ditrochaeus
1161 4343 1279 4409 ‘militi'
