3230 5052
690 464 866 529 ,69-

244 667 316 724 nes,
353 646 414 729 qui
448 642 535 710 forte
571 643 849 708 dissertationem
883 664 998 708 meam
1031 642 1186 728 legerint,
1211 641 1313 708 facile

245 753 463 838 perspiciant,
500 771 570 836 quo
606 749 712 814 modo
747 748 899 815 Rufinus
928 747 1101 816 Ciceronis
1135 750 1241 816 verba
1274 751 1314 814 in

244 880 364 925 versus
387 857 565 942 redegerit.

352 965 517 1048 Legimus
540 986 573 1050 p.
599 964 716 1048 566„,
740 962 862 1046 Rufini
885 986 1003 1058 ¹versus
1026 964 1107 1029 hos:

293 1072 456 1159 Spondeo
479 1093 618 1137 narrare
642 1071 756 1137 solent
778 1070 843 1136 tibi
866 1072 1020 1137 rhetores
1044 1078 1129 1149 acta,

293 1178 389 1264 quod
412 1179 525 1262 gravis
549 1177 725 1244 attardus
749 1200 803 1243 res
826 1184 939 1262 gestas
963 1177 1140 1244 mentibus
1164 1176 1283 1244 adfert.

294 1285 470 1372 dactylicis
495 1292 627 1351 certant
649 1284 807 1370 pedibus,
834 1286 916 1370 quia
941 1306 1074 1350 currere
1098 1292 1254 1371 possunt.

295 1393 442 1458 dicimus
466 1393 619 1476 egregios
643 1392 861 1478 Theopompi
884 1413 979 1457 more
1002 1392 1147 1472 labores,
1207 1429 1209 1434 ·
1310 1425 1312 1428 ·

295 1507 329 1565 et
351 1501 459 1565 vitam
482 1499 656 1583 insignem
678 1498 864 1564 laudamus
887 1499 1046 1564 Isocratis
1071 1507 1158 1565 arte:

295 1605 351 1671 hic
376 1605 474 1671 stilus
497 1606 660 1685 historiis,
684 1605 741 1671 hic
763 1605 929 1671 laudibus
953 1607 1065 1691 aptior
1087 1606 1214 1684 haeret,

252 1713 313 1798 qui
346 1734 466 1779 versus
490 1711 690 1798 dependent
725 1711 934 1778 aCiccronis
969 1719 1052 1778 orat.
1078 1713 1130 1792 61,
1145 1713 1219 1791 207,
1255 1711 1317 1777 ubi

252 1819 386 1884 Tullius
411 1826 501 1903 ‘ergo
524 1819 562 1884 in
587 1819 670 1898 ahie,
695 1819 820 1904 inquit,
856 1819 893 1884 id
916 1826 967 1885 est
990 1821 1027 1884 in
1050 1819 1193 1884 historia
1224 1819 1317 1884 etin

253 1947 304 2005 eo,
330 1925 425 2011 quod
449 1925 665 2012 appellamus
689 1925 920 2006 ἐπιδεικτικὸν,
955 1926 1069 2012 placet
1104 1926 1221 1991 omnia
1250 1924 1319 1990 dici

253 2033 423 2098 Isocrateo
458 2032 777 2118 Theopompeoque
811 2037 927 2098 more'.
974 2032 1020 2099 At
1054 2033 1110 2098 hic
1145 2031 1318 2098 Ciceronis

254 2139 350 2205 locus
374 2147 477 2224 aptus
501 2147 552 2206 est
575 2139 706 2206 ultimis
730 2140 841 2205 tribus
871 2140 1037 2220 versibus,
1074 2138 1168 2205 unde
1204 2145 1322 2204 autem

254 2253 323 2311 tres
345 2247 478 2332 primos
499 2244 652 2312 Rufinus
687 2248 754 2312 sibi
789 2249 1002 2332 sumpsisset,
1039 2268 1154 2331 neque
1188 2245 1323 2310 Keilius

256 2352 437 2419 adnotavit
459 2374 575 2438 neque
599 2374 662 2437 ego
685 2361 921 2440 perscrutatus
946 2376 1032 2418 sum.
1073 2354 1188 2419 Rtiam
1212 2351 1322 2417 multo

257 2460 471 2542 cognatiores
496 2467 578 2526 sunt
602 2482 682 2527 curn
707 2459 880 2526 Ciceronis
903 2460 1017 2526 verbis
1040 2481 1169 2539 versus,
1195 2458 1324 2544 quibus

256 2564 408 2631 Rufinus
443 2573 553 2632 metro
589 2567 755 2653 sapphico
791 2567 834 2633 de
864 2568 1104 2653 Theophrasto
1141 2568 1211 2650 agit
1245 2587 1322 2652 pag.

258 2672 333 2751 567,
346 2695 391 2757 22:
871 2720 874 2725 -

409 2779 578 2846 Rhetoras
602 2781 766 2867 pulchros
789 2782 1050 2868 Theophrastus
1074 2788 1174 2846 ornat

410 2887 566 2953 membra
590 2888 790 2974 dispergens
813 2889 908 2955 bona
932 2888 1144 2974 dithyrambi

410 2993 489 3060 fusa
511 3016 573 3080 per
596 3002 727 3081 partes:
753 3001 964 3082 anapaestus
986 2997 1053 3061 ista

517 3099 618 3168 floret
640 3104 679 3166 in
703 3110 784 3170 arte.

411 3207 547 3292 longior
569 3207 672 3275 fluxit
695 3231 862 3275 numerus
885 3232 948 3296 per
971 3217 1089 3288 artem,

413 3336 519 3399 quem
543 3315 638 3383 dedit
661 3316 763 3382 nobis
787 3323 996 3402 anapaestus
1019 3316 1090 3381 ille:

412 3421 494 3487 hinc
518 3423 624 3508 pedes
648 3423 757 3490 claros
779 3424 856 3489 loca
880 3422 1092 3509 dithyrambi

519 3529 673 3596 rhetores
698 3537 827 3616 aptant.

371 3633 485 3716 Quam
509 3638 688 3703 scientiam
712 3636 884 3703 Rufinum
908 3660 950 3704 ex
974 3637 1146 3704 Ciceronis
1169 3635 1257 3701 libro
1287 3634 1330 3699 de

264 3748 397 3806 oratore
420 3743 479 3824 ΙΠ,
503 3745 637 3824 48,184
661 3747 848 3832 sumpsisse
872 3753 976 3833 patet,
1014 3766 1084 3830 quo
1111 3744 1188 3809 loco
1213 3741 1330 3807 Cicero

266 3854 428 3936 ‘namque
453 3872 526 3936 ege,
551 3853 675 3938 inquit,
700 3853 788 3919 illud
812 3854 980 3919 assentior
995 3851 1245 3936 Theophrasto,
1271 3849 1332 3933 qui

264 3962 365 4041 putat
389 3960 590 4040 orationem,
617 3982 707 4046 quae
731 3961 874 4046 quidem
899 3961 942 4025 sit
964 3958 1072 4045 polita
1101 3964 1205 4042 atque
1240 3953 1332 4020 facta

266 4063 537 4147 quodammod0,
563 4086 636 4132 non
660 4067 806 4148 astricte,
832 4067 893 4133 sed
915 4065 1092 4132 remissius
1108 4081 1332 4128 numerosam

267 4191 339 4235 esse
375 4179 559 4257 oportere..
589 4174 704 4240 Etiam
739 4175 827 4240 siout
861 4174 918 4240 ille
943 4173 1147 4259 suspicatur,
1183 4191 1225 4234 ex
1258 4167 1332 4233 istis

266 4277 388 4358 modis,
415 4279 544 4364 quibus
567 4282 624 4347 hic
648 4281 796 4348 usitatus
820 4303 938 4348 versus
963 4278 1122 4358 efficitur,
1150 4283 1230 4363 post
1253 4296 1332 4340 ana·
