3230 5052
742 517 921 580 —62-

297 716 418 760 corum
442 704 624 780 poetarum
662 717 703 759 ex
727 694 907 759 Heliodo1i
935 701 968 758 et
991 694 1261 779 Heplraestionis
1286 715 1364 760 auo·

296 802 435 868 toritate
461 799 600 885 affertl)

403 908 502 974 Alius
538 930 679 995 quoque
703 909 869 973 Prisciani
902 907 999 973 locus
1023 909 1212 973 maximam
1248 907 1364 972 simili-

296 1016 455 1081 tudinem
491 1037 571 1081 cum
594 1013 726 1080 Rufino
753 1015 869 1093 habet,
906 1016 967 1100 qui
1002 1021 1053 1080 θεῖ
1088 1014 1130 1079 (1θ
1153 1021 1362 1080 tetrametro.

297 1124 493 1188 Priscianus
521 1124 614 1188 enim
649 1145 681 1208 p.
708 1123 827 1207 523,.24:
866 1122 978 1200 idem,
1014 1123 1139 1207 inquit,
1164 1128 1363 1187 tetrametro

296 1232 333 1294 in
349 1229 468 1295 multis
492 1231 602 1295 utitur
624 1230 773 1295 iambico
799 1231 919 1308 scenis,
945 1237 984 1294 ut
1006 1230 1045 1294 in
1068 1227 1200 1293 Andria

341 1337 491 1402 mirabar
513 1337 580 1401 hoc
604 1338 633 1401 si
657 1337 704 1401 sic
729 1336 846 1413 abiret,
873 1342 906 1401 et
929 1336 1003 1400 heri
1027 1357 1162 1421 semper
1184 1335 1317 1401 lenitas

297 1445 444 1509 dimetro
468 1465 609 1528 quoque
634 1444 864 1508 distinctionis
889 1465 992 1508 causa
1017 1465 1101 1507 usus
1125 1449 1176 1507 θεῖ
1210 1464 1271 1528 per
1294 1464 1363 1507 me-

297 1550 404 1630 dium,

558 1658 709 1736 verebar,
736 1678 903 1742 quorsum
928 1657 1096 1722 evaderet.

296 1772 375 1850 post
399 1786 504 1850 quem
527 1766 653 1830 iterum
677 1772 895 1830 tetrametros
918 1765 1035 1850 posuit

319 1873 380 1956 qui
402 1879 590 1958 postquam
615 1872 771 1937 audierat
793 1893 866 1936 non
891 1871 1012 1936 datum
1035 1871 1076 1934 iri
1099 1867 1172 1934 filio
1197 1892 1340 1935 uxorem

1097 1998 1160 2041 suo

317 2107 493 2171 nusquam
518 2087 682 2171 cuiquam
706 2092 866 2150 nostrum
888 2085 1034 2151 verbum
1058 2082 1138 2148 lecit
1165 2106 1280 2169 neque
1303 2083 1340 2148 id

1096 2212 1194 2273 aegre
1218 2190 1298 2256 tulit

296 2299 451 2365 similiter

318 2408 503 2485 enimvem,
532 2407 638 2485 Dave,
669 2405 766 2471 nihil
783 2406 850 2470 loci
879 2413 930 2470 θεῖ
954 2405 1119 2488 segnitiae
1144 2426 1258 2489 neque
1287 2425 1338 2468 so-

1097 2511 1241 2590 cordiae,

318 2620 460 2705 quando
476 2618 631 2685 intellexi
653 2619 759 2684 modo
785 2620 875 2684 senis
892 2619 1101 2683 sententiam
1125 2618 1167 2682 de
1183 2619 1337 2703 nuptiis’

296 2727 364 2792 Sed
387 2725 538 2792 Rufinus
561 2749 594 2813 p.
621 2727 725 2812 558,17
751 2725 847 2790 dicit:

337 2841 562 2900 ‘tetrametros
587 2835 752 2918 sequitur,
779 2855 884 2919 quem
908 2831 1056 2898 tinxerat
1078 2832 1135 2896 ille
1159 2832 1318 2897 Boiscus:

295 2942 415 3029 quales
441 2949 523 3007 sunt
546 2943 603 3006 isti
627 2963 746 3007 versus

339 3049 490 3114 mirabar
512 3049 578 3114 hoc
604 3050 632 3113 si
656 3049 703 3113 sic
728 3048 837 3112 abiret
861 3054 894 3111 θῖ
919 3048 966 3112 eri
990 3068 1125 3132 semper
1147 3047 1281 3125 lenitas

295 3158 356 3242 qui
391 3157 555 3241 sequitur,
593 3154 760 3219 dimetrus
795 3161 856 3232 est,
891 3153 928 3218 id
963 3160 1013 3218 θεῖ
1047 3153 1153 3238 pedes
1189 3153 1362 3238 simplices

295 3271 461 3349 quattuor
483 3262 590 3328 habet

558 3370 708 3447 verebar,
735 3390 902 3454 quorsum
927 3368 1095 3433 evaderet.

295 3478 352 3542 alii
375 3479 565 3543 tetrametri
588 3477 716 3541 similes
738 3476 777 3540 hi

340 3585 525 3661 enimvero,
543 3583 649 3661 Dave,
674 3582 760 3646 nihil
783 3581 851 3647 loci
875 3589 926 3646 θεῖ
943 3581 1108 3664 segnitiae
1124 3602 1239 3665 neque
1266 3602 1316 3646 so·

736 3701 738 3706 ’
1095 3686 1251 3752 cordiae.²
1308 3732 1313 3740 α

295 3798 409 3861 Etiam
443 3796 499 3861 hic
523 3796 718 3860 Priscianus
753 3795 853 3880 plura
888 3792 1045 3879 exempla
1081 3795 1230 3858 excussit
1255 3816 1385 3879 quam,

294 3901 455 3982 Rufinus,
492 3911 532 3968 ut
559 3902 615 3966 hic
640 3923 780 3987 quoque
815 3901 912 3965 locus
936 3901 1119 3965 verisimile
1143 3921 1214 3965 non
1238 3900 1362 3967 reddat

294 4011 510 4076 Priscianum
535 4007 657 4074 Rufini
681 4009 969 4073 commentarium
1006 4007 1231 4071 consuluisse.
1291 4008 1361 4072 Ma-

402 4186 429 4256 l)
449 4189 507 4239 Eos
527 4193 617 4239 testes
638 4185 751 4237 inducit
780 4202 807 4251 p.
827 4183 914 4254 426,13
933 4183 1121 4236 ‘Heliodorus
1141 4184 1282 4236 metricus
1302 4185 1361 4251 ait’,

294 4295 320 4344 p.
341 4276 416 4348 422²
435 4281 519 4329 ‘teste
539 4274 720 4340 Heliodoro'‚
749 4275 821 4326 item
840 4291 867 4340 p.
887 4272 984 4344 427,20;
1005 4273 1090 4344 428‚5:
1111 4291 1145 4344 rs?
1165 4289 1203 4342 25:
1223 4273 1361 4339 Hephae·

295 4368 423 4420 stionem
443 4384 470 4433 p.
490 4365 576 4435 429‚1;
597 4382 624 4431 p.
644 4363 730 4434 428,1;
751 4363 915 4415 Seleucum.
