<?xml version="1.0" encoding="UTF-8"?>
<!DOCTYPE html PUBLIC "-//W3C//DTD XHTML 1.0 Transitional//EN"
    "http://www.w3.org/TR/xhtml1/DTD/xhtml1-transitional.dtd">
<html xmlns="http://www.w3.org/1999/xhtml" xml:lang="en" lang="en">
 <head>
  <title>
</title>
<meta http-equiv="Content-Type" content="text/html;charset=utf-8" />
  <meta name='ocr-system' content='tesseract 3.04.00' />
  <meta name='ocr-capabilities' content='ocr_page ocr_carea ocr_par ocr_line ocrx_word'/>
</head>
<body>
  <div class='ocr_page' id='page_1' title='image "./derufiniantioch00cybugoog_0077.png"; bbox 0 0 3230 5052; ppageno 0'>
   <div class='ocr_carea' id='block_1_1' title="bbox 777 519 954 582">
    <p class='ocr_par' dir='ltr' id='par_1_1' title="bbox 777 519 954 582">
     <span class='ocr_line' id='line_1_1' title="bbox 777 519 954 582; baseline 0 -18"><span class='ocrx_word' id='word_1_1' title='bbox 777 519 954 582; x_wconf 70' lang='grc'>--64-</span> 
     </span>
    </p>
   </div>
   <div class='ocr_carea' id='block_1_2' title="bbox 333 697 1457 4419">
    <p class='ocr_par' dir='ltr' id='par_1_2' title="bbox 333 697 1400 1320">
     <span class='ocr_line' id='line_1_2' title="bbox 333 697 1399 782; baseline 0 -20"><span class='ocrx_word' id='word_1_2' title='bbox 333 699 430 763; x_wconf 91' lang='lat' dir='ltr'>locus</span> <span class='ocrx_word' id='word_1_3' title='bbox 459 720 491 782; x_wconf 92' lang='lat' dir='ltr'>p.</span> <span class='ocrx_word' id='word_1_4' title='bbox 517 698 636 782; x_wconf 43' lang='lat' dir='ltr'>osup:</span> <span class='ocrx_word' id='word_1_5' title='bbox 676 697 747 782; x_wconf 82' lang='lat' dir='ltr'>‘qui</span> <span class='ocrx_word' id='word_1_6' title='bbox 777 698 941 782; x_wconf 69' lang='lat' dir='ltr'>sequitur,</span> <span class='ocrx_word' id='word_1_7' title='bbox 979 697 1194 762; x_wconf 87' lang='lat' dir='ltr'>dimetrus</span> <span class='ocrx_word' id='word_1_8' title='bbox 1230 700 1300 775; x_wconf 78' lang='lat' dir='ltr'>est&#39;,</span> <span class='ocrx_word' id='word_1_9' title='bbox 1338 697 1399 762; x_wconf 90' lang='lat' dir='ltr'>ubi</span> 
     </span>
     <span class='ocr_line' id='line_1_3' title="bbox 333 802 1398 889; baseline 0.001 -21"><span class='ocrx_word' id='word_1_10' title='bbox 333 803 482 869; x_wconf 89' lang='lat' dir='ltr'>formam</span> <span class='ocrx_word' id='word_1_11' title='bbox 518 804 705 869; x_wconf 81' lang='lat' dir='ltr'>‘dimetrus&#39;</span> <span class='ocrx_word' id='word_1_12' title='bbox 741 803 888 886; x_wconf 86' lang='lat' dir='ltr'>legimus</span> <span class='ocrx_word' id='word_1_13' title='bbox 923 824 984 888; x_wconf 92' lang='lat' dir='ltr'>pro</span> <span class='ocrx_word' id='word_1_14' title='bbox 1011 803 1184 882; x_wconf 72' lang='lat' dir='ltr'>dimeter,</span> <span class='ocrx_word' id='word_1_15' title='bbox 1222 825 1310 889; x_wconf 90' lang='lat' dir='ltr'>quas</span> <span class='ocrx_word' id='word_1_16' title='bbox 1334 802 1398 869; x_wconf 94' lang='lat' dir='ltr'>for-</span> 
     </span>
     <span class='ocr_line' id='line_1_4' title="bbox 334 891 1399 996; baseline -0.001 -20"><span class='ocrx_word' id='word_1_17' title='bbox 334 933 408 976; x_wconf 90' lang='lat' dir='ltr'>mas</span> <span class='ocrx_word' id='word_1_18' title='bbox 443 913 480 976; x_wconf 92' lang='lat' dir='ltr'>in</span> <span class='ocrx_word' id='word_1_19' title='bbox 516 933 569 976; x_wconf 91' lang='lat' dir='ltr'>-us</span> <span class='ocrx_word' id='word_1_20' title='bbox 598 911 794 976; x_wconf 78' lang='lat' dir='ltr'>desinentes</span> <span class='ocrx_word' id='word_1_21' title='bbox 819 933 838 975; x_wconf 90' lang='lat' dir='ltr'>a</span> <span class='ocrx_word' id='word_1_22' title='bbox 866 909 973 976; x_wconf 87' lang='lat' dir='ltr'>Basso</span> <span class='ocrx_word' id='word_1_23' title='bbox 997 911 1141 976; x_wconf 84' lang='lat' dir='ltr'>usitatas</span> <span class='ocrx_word' id='word_1_24' title='bbox 1165 908 1271 976; x_wconf 89' lang='lat' dir='ltr'>fuisse</span> <span class='ocrx_word' id='word_1_25' title='bbox 1296 891 1399 996; x_wconf 80' lang='lat' dir='ltr'>supra</span> 
     </span>
     <span class='ocr_line' id='line_1_5' title="bbox 335 1016 1400 1104; baseline -0.001 -21"><span class='ocrx_word' id='word_1_26' title='bbox 335 1041 367 1104; x_wconf 93' lang='lat' dir='ltr'>p.</span> <span class='ocrx_word' id='word_1_27' title='bbox 388 1019 428 1083; x_wconf 83' lang='lat'>15</span> <span class='ocrx_word' id='word_1_28' title='bbox 452 1018 692 1084; x_wconf 85' lang='lat' dir='ltr'>indicavimus.</span> <span class='ocrx_word' id='word_1_29' title='bbox 740 1017 836 1084; x_wconf 86' lang='lat' dir='ltr'>Alter</span> <span class='ocrx_word' id='word_1_30' title='bbox 859 1026 910 1083; x_wconf 90' lang='lat' dir='ltr'>est</span> <span class='ocrx_word' id='word_1_31' title='bbox 934 1017 1029 1103; x_wconf 90' lang='lat' dir='ltr'>apud</span> <span class='ocrx_word' id='word_1_32' title='bbox 1048 1016 1218 1082; x_wconf 91' lang='lat' dir='ltr'>Rufinum</span> <span class='ocrx_word' id='word_1_33' title='bbox 1243 1040 1274 1103; x_wconf 94' lang='lat' dir='ltr'>p.</span> <span class='ocrx_word' id='word_1_34' title='bbox 1294 1017 1400 1103; x_wconf 70' lang='lat'>559,.2.2</span> 
     </span>
     <span class='ocr_line' id='line_1_6' title="bbox 337 1124 1399 1210; baseline -0.001 -21"><span class='ocrx_word' id='word_1_35' title='bbox 337 1147 408 1210; x_wconf 90' lang='lat' dir='ltr'>quo</span> <span class='ocrx_word' id='word_1_36' title='bbox 432 1125 508 1190; x_wconf 90' lang='lat' dir='ltr'>looo</span> <span class='ocrx_word' id='word_1_37' title='bbox 526 1124 724 1210; x_wconf 88' lang='lat' dir='ltr'>exemplum</span> <span class='ocrx_word' id='word_1_38' title='bbox 740 1126 885 1190; x_wconf 74' lang='lat' dir='ltr'>trimetri</span> <span class='ocrx_word' id='word_1_39' title='bbox 908 1124 1048 1189; x_wconf 82' lang='lat' dir='ltr'>iambici</span> <span class='ocrx_word' id='word_1_40' title='bbox 1071 1125 1245 1189; x_wconf 84' lang='lat' dir='ltr'>rariorum</span> <span class='ocrx_word' id='word_1_41' title='bbox 1269 1125 1399 1209; x_wconf 88' lang='lat' dir='ltr'>pedum</span> 
     </span>
     <span class='ocr_line' id='line_1_7' title="bbox 335 1230 1197 1320; baseline -0.002 -24"><span class='ocrx_word' id='word_1_42' title='bbox 335 1231 486 1297; x_wconf 84' lang='lat' dir='ltr'>Rufinus</span> <span class='ocrx_word' id='word_1_43' title='bbox 510 1230 616 1320; x_wconf 66' lang='lat' dir='ltr'>affert</span> <span class='ocrx_word' id='word_1_44' title='bbox 634 1251 772 1297; x_wconf 88' lang='lat' dir='ltr'>versum</span> <span class='ocrx_word' id='word_1_45' title='bbox 796 1231 947 1297; x_wconf 85' lang='lat' dir='ltr'>Terentii</span> <span class='ocrx_word' id='word_1_46' title='bbox 970 1231 1128 1296; x_wconf 81' lang='lat' dir='ltr'>Eunuch.</span> <span class='ocrx_word' id='word_1_47' title='bbox 1154 1230 1197 1295; x_wconf 81' lang='lat'>49</span> 
     </span>
    </p>

    <p class='ocr_par' dir='ltr' id='par_1_3' title="bbox 336 1339 1457 2711">
     <span class='ocr_line' id='line_1_8' title="bbox 387 1339 1349 1420; baseline 0 -16"><span class='ocrx_word' id='word_1_48' title='bbox 387 1339 551 1418; x_wconf 69' lang='lat' dir='ltr'>‘exclusit</span> <span class='ocrx_word' id='word_1_49' title='bbox 576 1347 724 1418; x_wconf 82' lang='lat' dir='ltr'>revocat,</span> <span class='ocrx_word' id='word_1_50' title='bbox 749 1339 910 1404; x_wconf 72' lang='lat' dir='ltr'>redeam?</span> <span class='ocrx_word' id='word_1_51' title='bbox 935 1360 1016 1418; x_wconf 77' lang='lat' dir='ltr'>non,</span> <span class='ocrx_word' id='word_1_52' title='bbox 1042 1339 1150 1403; x_wconf 91' lang='lat' dir='ltr'>sime</span> <span class='ocrx_word' id='word_1_53' title='bbox 1175 1339 1349 1420; x_wconf 74' lang='lat' dir='ltr'>obsecret&#39;</span> 
     </span>
     <span class='ocr_line' id='line_1_9' title="bbox 337 1445 1401 1532; baseline -0.001 -21"><span class='ocrx_word' id='word_1_54' title='bbox 337 1467 442 1531; x_wconf 90' lang='lat' dir='ltr'>quern</span> <span class='ocrx_word' id='word_1_55' title='bbox 471 1447 575 1511; x_wconf 88' lang='lat' dir='ltr'>etiam</span> <span class='ocrx_word' id='word_1_56' title='bbox 609 1447 647 1510; x_wconf 95' lang='lat' dir='ltr'>in</span> <span class='ocrx_word' id='word_1_57' title='bbox 682 1445 780 1511; x_wconf 87' lang='lat' dir='ltr'>Bassi</span> <span class='ocrx_word' id='word_1_58' title='bbox 816 1454 975 1532; x_wconf 83' lang='lat' dir='ltr'>excerpto</span> <span class='ocrx_word' id='word_1_59' title='bbox 1012 1447 1054 1510; x_wconf 91' lang='lat' dir='ltr'>de</span> <span class='ocrx_word' id='word_1_60' title='bbox 1078 1445 1226 1531; x_wconf 88' lang='lat' dir='ltr'>pedibus</span> <span class='ocrx_word' id='word_1_61' title='bbox 1261 1446 1401 1511; x_wconf 82' lang='lat' dir='ltr'>iambici</span> 
     </span>
     <span class='ocr_line' id='line_1_10' title="bbox 336 1551 1457 1638; baseline -0.006 -20"><span class='ocrx_word' id='word_1_62' title='bbox 336 1554 482 1618; x_wconf 87' lang='lat' dir='ltr'>trimetri</span> <span class='ocrx_word' id='word_1_63' title='bbox 505 1553 600 1637; x_wconf 89' lang='lat' dir='ltr'>apud</span> <span class='ocrx_word' id='word_1_64' title='bbox 615 1551 786 1618; x_wconf 89' lang='lat' dir='ltr'>Rufinum</span> <span class='ocrx_word' id='word_1_65' title='bbox 809 1576 842 1638; x_wconf 91' lang='lat' dir='ltr'>p.</span> <span class='ocrx_word' id='word_1_66' title='bbox 861 1554 949 1638; x_wconf 46' lang='lat' dir='ltr'>556ss</span> <span class='ocrx_word' id='word_1_67' title='bbox 975 1552 1087 1637; x_wconf 81' lang='lat' dir='ltr'>legisti</span> <span class='ocrx_word' id='word_1_68' title='bbox 1111 1556 1153 1637; x_wconf 80' lang='lat' dir='ltr'>(r.</span> <span class='ocrx_word' id='word_1_69' title='bbox 1179 1575 1283 1638; x_wconf 89' lang='lat' dir='ltr'>supra</span> <span class='ocrx_word' id='word_1_70' title='bbox 1307 1575 1339 1638; x_wconf 92' lang='lat' dir='ltr'>p.</span> <span class='ocrx_word' id='word_1_71' title='bbox 1360 1553 1399 1616; x_wconf 82' lang='lat'>15</span> <span class='ocrx_word' id='word_1_72' title='bbox 1455 1607 1457 1611; x_wconf 81' lang='grc'>,</span> 
     </span>
     <span class='ocr_line' id='line_1_11' title="bbox 337 1659 1401 1746; baseline -0.003 -20"><span class='ocrx_word' id='word_1_73' title='bbox 337 1667 370 1726; x_wconf 92' lang='lat' dir='ltr'>et</span> <span class='ocrx_word' id='word_1_74' title='bbox 398 1659 463 1744; x_wconf 83' lang='lat'>50).</span> <span class='ocrx_word' id='word_1_75' title='bbox 522 1660 566 1725; x_wconf 82' lang='lat' dir='ltr'>Et</span> <span class='ocrx_word' id='word_1_76' title='bbox 589 1659 736 1725; x_wconf 90' lang='lat' dir='ltr'>Bassum</span> <span class='ocrx_word' id='word_1_77' title='bbox 772 1667 906 1746; x_wconf 86' lang='lat' dir='ltr'>praeter</span> <span class='ocrx_word' id='word_1_78' title='bbox 940 1660 1141 1726; x_wconf 85' lang='lat' dir='ltr'>Terentium</span> <span class='ocrx_word' id='word_1_79' title='bbox 1177 1661 1281 1725; x_wconf 88' lang='lat' dir='ltr'>etiam</span> <span class='ocrx_word' id='word_1_80' title='bbox 1317 1659 1401 1725; x_wconf 90' lang='lat' dir='ltr'>alios</span> 
     </span>
     <span class='ocr_line' id='line_1_12' title="bbox 338 1767 1401 1852; baseline -0.002 -20"><span class='ocrx_word' id='word_1_81' title='bbox 338 1768 598 1852; x_wconf 89' lang='lat' dir='ltr'>antiquissimos</span> <span class='ocrx_word' id='word_1_82' title='bbox 623 1774 743 1852; x_wconf 89' lang='lat' dir='ltr'>poetas</span> <span class='ocrx_word' id='word_1_83' title='bbox 769 1768 917 1852; x_wconf 85' lang='lat' dir='ltr'>exempli</span> <span class='ocrx_word' id='word_1_84' title='bbox 942 1789 1045 1833; x_wconf 88' lang='lat' dir='ltr'>causa</span> <span class='ocrx_word' id='word_1_85' title='bbox 1070 1767 1235 1846; x_wconf 88' lang='lat' dir='ltr'>attulisse,</span> <span class='ocrx_word' id='word_1_86' title='bbox 1261 1767 1401 1831; x_wconf 89' lang='lat' dir='ltr'>demon·</span> 
     </span>
     <span class='ocr_line' id='line_1_13' title="bbox 338 1872 1402 1960; baseline -0.001 -22"><span class='ocrx_word' id='word_1_87' title='bbox 338 1881 421 1940; x_wconf 86' lang='lat' dir='ltr'>strat</span> <span class='ocrx_word' id='word_1_88' title='bbox 449 1875 546 1939; x_wconf 88' lang='lat' dir='ltr'>locus</span> <span class='ocrx_word' id='word_1_89' title='bbox 571 1872 666 1938; x_wconf 85' lang='lat' dir='ltr'>GLK</span> <span class='ocrx_word' id='word_1_90' title='bbox 678 1874 726 1941; x_wconf 89' lang='lat' dir='ltr'>Vl</span> <span class='ocrx_word' id='word_1_91' title='bbox 749 1897 781 1960; x_wconf 92' lang='lat' dir='ltr'>p.</span> <span class='ocrx_word' id='word_1_92' title='bbox 808 1875 881 1953; x_wconf 78' lang='grc'>265,</span> <span class='ocrx_word' id='word_1_93' title='bbox 919 1896 990 1960; x_wconf 93' lang='lat' dir='ltr'>quo</span> <span class='ocrx_word' id='word_1_94' title='bbox 1025 1875 1199 1959; x_wconf 87' lang='lat' dir='ltr'>incapite</span> <span class='ocrx_word' id='word_1_95' title='bbox 1234 1874 1276 1938; x_wconf 91' lang='lat' dir='ltr'>de</span> <span class='ocrx_word' id='word_1_96' title='bbox 1300 1895 1402 1939; x_wconf 79' lang='lat' dir='ltr'>versu</span> 
     </span>
     <span class='ocr_line' id='line_1_14' title="bbox 337 1981 1402 2068; baseline -0.002 -22"><span class='ocrx_word' id='word_1_97' title='bbox 337 1983 491 2046; x_wconf 87' lang='lat' dir='ltr'>saturnio</span> <span class='ocrx_word' id='word_1_98' title='bbox 514 1981 685 2046; x_wconf 89' lang='lat' dir='ltr'>Naevium</span> <span class='ocrx_word' id='word_1_99' title='bbox 719 1990 859 2068; x_wconf 89' lang='lat' dir='ltr'>poetam</span> <span class='ocrx_word' id='word_1_100' title='bbox 883 1981 1069 2067; x_wconf 84' lang='lat' dir='ltr'>appellavit</span> <span class='ocrx_word' id='word_1_101' title='bbox 1097 1982 1240 2066; x_wconf 89' lang='lat' dir='ltr'>eiusque</span> <span class='ocrx_word' id='word_1_102' title='bbox 1263 2001 1402 2047; x_wconf 80' lang='lat' dir='ltr'>versum</span> 
     </span>
     <span class='ocr_line' id='line_1_15' title="bbox 338 2087 1401 2173; baseline 0 -21"><span class='ocrx_word' id='word_1_103' title='bbox 338 2088 517 2173; x_wconf 77' lang='lat' dir='ltr'>descripsit</span> <span class='ocrx_word' id='word_1_104' title='bbox 540 2109 625 2153; x_wconf 89' lang='lat' dir='ltr'>vers.</span> <span class='ocrx_word' id='word_1_105' title='bbox 654 2089 695 2152; x_wconf 81' lang='lat'>14</span> <span class='ocrx_word' id='word_1_106' title='bbox 719 2095 753 2154; x_wconf 93' lang='lat' dir='ltr'>et</span> <span class='ocrx_word' id='word_1_107' title='bbox 776 2088 828 2153; x_wconf 85' lang='lat'>30.</span> <span class='ocrx_word' id='word_1_108' title='bbox 888 2087 985 2169; x_wconf 79' lang='lat' dir='ltr'>Quae</span> <span class='ocrx_word' id='word_1_109' title='bbox 1010 2110 1090 2153; x_wconf 89' lang='lat' dir='ltr'>cum</span> <span class='ocrx_word' id='word_1_110' title='bbox 1124 2089 1173 2153; x_wconf 90' lang='lat' dir='ltr'>ita</span> <span class='ocrx_word' id='word_1_111' title='bbox 1197 2089 1274 2167; x_wconf 81' lang='lat' dir='ltr'>sint,</span> <span class='ocrx_word' id='word_1_112' title='bbox 1313 2108 1401 2152; x_wconf 89' lang='lat' dir='ltr'>corn-</span> 
     </span>
     <span class='ocr_line' id='line_1_16' title="bbox 337 2193 1402 2261; baseline 0 -3"><span class='ocrx_word' id='word_1_113' title='bbox 337 2216 481 2259; x_wconf 90' lang='lat' dir='ltr'>munem</span> <span class='ocrx_word' id='word_1_114' title='bbox 517 2193 650 2260; x_wconf 88' lang='lat' dir='ltr'>fontem</span> <span class='ocrx_word' id='word_1_115' title='bbox 674 2195 839 2260; x_wconf 85' lang='lat' dir='ltr'>Prisciani</span> <span class='ocrx_word' id='word_1_116' title='bbox 870 2202 903 2261; x_wconf 95' lang='lat' dir='ltr'>et</span> <span class='ocrx_word' id='word_1_117' title='bbox 926 2193 1048 2261; x_wconf 77' lang='lat' dir='ltr'>Rufini</span> <span class='ocrx_word' id='word_1_118' title='bbox 1072 2195 1232 2261; x_wconf 84' lang='lat' dir='ltr'>Caesium</span> <span class='ocrx_word' id='word_1_119' title='bbox 1255 2195 1402 2260; x_wconf 88' lang='lat' dir='ltr'>Bassum</span> 
     </span>
     <span class='ocr_line' id='line_1_17' title="bbox 336 2302 1403 2388; baseline -0.001 -22"><span class='ocrx_word' id='word_1_120' title='bbox 336 2303 560 2388; x_wconf 85' lang='lat' dir='ltr'>repperimus.</span> <span class='ocrx_word' id='word_1_121' title='bbox 621 2302 689 2367; x_wconf 83' lang='lat' dir='ltr'>Sed</span> <span class='ocrx_word' id='word_1_122' title='bbox 724 2310 840 2368; x_wconf 88' lang='lat' dir='ltr'>utrum</span> <span class='ocrx_word' id='word_1_123' title='bbox 876 2302 1027 2368; x_wconf 81' lang='lat' dir='ltr'>Rufinus</span> <span class='ocrx_word' id='word_1_124' title='bbox 1063 2310 1096 2368; x_wconf 89' lang='lat' dir='ltr'>et</span> <span class='ocrx_word' id='word_1_125' title='bbox 1131 2302 1326 2368; x_wconf 87' lang='lat' dir='ltr'>Priscianus</span> <span class='ocrx_word' id='word_1_126' title='bbox 1361 2323 1403 2366; x_wconf 85' lang='lat' dir='ltr'>ex</span> 
     </span>
     <span class='ocr_line' id='line_1_18' title="bbox 338 2409 1402 2496; baseline -0.001 -22"><span class='ocrx_word' id='word_1_127' title='bbox 338 2409 445 2474; x_wconf 87' lang='lat' dir='ltr'>Basso</span> <span class='ocrx_word' id='word_1_128' title='bbox 469 2410 545 2495; x_wconf 90' lang='lat' dir='ltr'>ipso</span> <span class='ocrx_word' id='word_1_129' title='bbox 570 2431 615 2474; x_wconf 89' lang='lat' dir='ltr'>an</span> <span class='ocrx_word' id='word_1_130' title='bbox 639 2431 700 2496; x_wconf 90' lang='lat' dir='ltr'>per</span> <span class='ocrx_word' id='word_1_131' title='bbox 724 2410 831 2475; x_wconf 90' lang='lat' dir='ltr'>alium</span> <span class='ocrx_word' id='word_1_132' title='bbox 847 2412 1113 2495; x_wconf 83' lang='lat' dir='ltr'>grammaticum</span> <span class='ocrx_word' id='word_1_133' title='bbox 1137 2411 1330 2476; x_wconf 89' lang='lat' dir='ltr'>doctrinam</span> <span class='ocrx_word' id='word_1_134' title='bbox 1354 2430 1402 2474; x_wconf 88' lang='lat' dir='ltr'>ar-</span> 
     </span>
     <span class='ocr_line' id='line_1_19' title="bbox 339 2515 1403 2602; baseline -0.001 -22"><span class='ocrx_word' id='word_1_135' title='bbox 339 2517 549 2595; x_wconf 86' lang='lat' dir='ltr'>cessiverint,</span> <span class='ocrx_word' id='word_1_136' title='bbox 587 2516 775 2582; x_wconf 87' lang='lat' dir='ltr'>diiudicare</span> <span class='ocrx_word' id='word_1_137' title='bbox 799 2519 995 2602; x_wconf 84' lang='lat' dir='ltr'>nequimus,</span> <span class='ocrx_word' id='word_1_138' title='bbox 1033 2519 1115 2602; x_wconf 87' lang='lat' dir='ltr'>quia</span> <span class='ocrx_word' id='word_1_139' title='bbox 1151 2539 1193 2582; x_wconf 82' lang='lat' dir='ltr'>ex</span> <span class='ocrx_word' id='word_1_140' title='bbox 1227 2516 1325 2581; x_wconf 87' lang='lat' dir='ltr'>Bassi</span> <span class='ocrx_word' id='word_1_141' title='bbox 1360 2515 1403 2579; x_wconf 92' lang='lat' dir='ltr'>de</span> 
     </span>
     <span class='ocr_line' id='line_1_20' title="bbox 338 2624 1327 2711; baseline -0.001 -24"><span class='ocrx_word' id='word_1_142' title='bbox 338 2625 456 2688; x_wconf 89' lang='lat' dir='ltr'>metris</span> <span class='ocrx_word' id='word_1_143' title='bbox 481 2625 728 2689; x_wconf 86' lang='lat' dir='ltr'>commentario</span> <span class='ocrx_word' id='word_1_144' title='bbox 753 2645 926 2711; x_wconf 87' lang='lat' dir='ltr'>perpauca</span> <span class='ocrx_word' id='word_1_145' title='bbox 949 2624 1055 2690; x_wconf 90' lang='lat' dir='ltr'>modo</span> <span class='ocrx_word' id='word_1_146' title='bbox 1080 2632 1213 2690; x_wconf 87' lang='lat' dir='ltr'>servata</span> <span class='ocrx_word' id='word_1_147' title='bbox 1237 2630 1327 2688; x_wconf 89' lang='lat' dir='ltr'>sunt.</span> 
     </span>
    </p>

    <p class='ocr_par' dir='ltr' id='par_1_4' title="bbox 445 2729 1404 2818">
     <span class='ocr_line' id='line_1_21' title="bbox 445 2729 1404 2818; baseline -0.001 -24"><span class='ocrx_word' id='word_1_148' title='bbox 445 2729 558 2795; x_wconf 88' lang='lat' dir='ltr'>Antea</span> <span class='ocrx_word' id='word_1_149' title='bbox 593 2754 626 2816; x_wconf 93' lang='lat' dir='ltr'>p.</span> <span class='ocrx_word' id='word_1_150' title='bbox 652 2732 693 2796; x_wconf 77' lang='lat'>57</span> <span class='ocrx_word' id='word_1_151' title='bbox 730 2753 779 2816; x_wconf 89' lang='lat' dir='ltr'>sq.</span> <span class='ocrx_word' id='word_1_152' title='bbox 815 2739 986 2817; x_wconf 86' lang='lat' dir='ltr'>tanquam</span> <span class='ocrx_word' id='word_1_153' title='bbox 1021 2737 1280 2818; x_wconf 87' lang='lat' dir='ltr'>praecurrentes</span> <span class='ocrx_word' id='word_1_154' title='bbox 1316 2730 1404 2795; x_wconf 88' lang='lat' dir='ltr'>duos</span> 
     </span>
    </p>

    <p class='ocr_par' dir='ltr' id='par_1_5' title="bbox 338 2837 1404 3458">
     <span class='ocr_line' id='line_1_22' title="bbox 339 2837 1403 2905; baseline -0.001 -3"><span class='ocrx_word' id='word_1_155' title='bbox 339 2837 432 2903; x_wconf 90' lang='lat' dir='ltr'>looos</span> <span class='ocrx_word' id='word_1_156' title='bbox 457 2837 596 2903; x_wconf 87' lang='lat' dir='ltr'>alterius</span> <span class='ocrx_word' id='word_1_157' title='bbox 621 2841 859 2905; x_wconf 90' lang='lat' dir='ltr'>commentarii</span> <span class='ocrx_word' id='word_1_158' title='bbox 883 2838 1003 2904; x_wconf 82' lang='lat' dir='ltr'>Rufini</span> <span class='ocrx_word' id='word_1_159' title='bbox 1039 2839 1081 2903; x_wconf 92' lang='lat' dir='ltr'>de</span> <span class='ocrx_word' id='word_1_160' title='bbox 1105 2838 1259 2903; x_wconf 85' lang='lat' dir='ltr'>numeris</span> <span class='ocrx_word' id='word_1_161' title='bbox 1295 2845 1403 2902; x_wconf 84' lang='lat' dir='ltr'>orato·</span> 
     </span>
     <span class='ocr_line' id='line_1_23' title="bbox 338 2945 1404 3031; baseline -0.001 -22"><span class='ocrx_word' id='word_1_162' title='bbox 338 2967 417 3010; x_wconf 90' lang='lat' dir='ltr'>rum</span> <span class='ocrx_word' id='word_1_163' title='bbox 452 2947 747 3030; x_wconf 78' lang='lat' dir='ltr'>pertractavimus,</span> <span class='ocrx_word' id='word_1_164' title='bbox 783 2949 821 3011; x_wconf 91' lang='lat' dir='ltr'>in</span> <span class='ocrx_word' id='word_1_165' title='bbox 857 2947 984 3031; x_wconf 91' lang='lat' dir='ltr'>quibus</span> <span class='ocrx_word' id='word_1_166' title='bbox 1014 2945 1186 3011; x_wconf 87' lang='lat' dir='ltr'>Ciceronis</span> <span class='ocrx_word' id='word_1_167' title='bbox 1221 2952 1404 3030; x_wconf 89' lang='lat' dir='ltr'>praecepta</span> 
     </span>
     <span class='ocr_line' id='line_1_24' title="bbox 339 3053 1403 3137; baseline -0.003 -20"><span class='ocrx_word' id='word_1_168' title='bbox 339 3053 546 3118; x_wconf 82' lang='lat' dir='ltr'>invenimus.</span> <span class='ocrx_word' id='word_1_169' title='bbox 595 3053 854 3118; x_wconf 76' lang='lat' dir='ltr'>Persarutemur</span> <span class='ocrx_word' id='word_1_170' title='bbox 880 3054 994 3136; x_wconf 81' lang='lat' dir='ltr'>igitur,</span> <span class='ocrx_word' id='word_1_171' title='bbox 1031 3073 1117 3118; x_wconf 90' lang='lat' dir='ltr'>num</span> <span class='ocrx_word' id='word_1_172' title='bbox 1153 3053 1227 3117; x_wconf 87' lang='lat' dir='ltr'>aliis</span> <span class='ocrx_word' id='word_1_173' title='bbox 1263 3071 1403 3137; x_wconf 89' lang='lat' dir='ltr'>quoque</span> 
     </span>
     <span class='ocr_line' id='line_1_25' title="bbox 339 3158 1404 3244; baseline -0.001 -22"><span class='ocrx_word' id='word_1_174' title='bbox 339 3159 375 3222; x_wconf 91' lang='lat' dir='ltr'>in</span> <span class='ocrx_word' id='word_1_175' title='bbox 399 3159 554 3224; x_wconf 82' lang='lat' dir='ltr'>versibus</span> <span class='ocrx_word' id='word_1_176' title='bbox 578 3159 732 3223; x_wconf 84' lang='lat' dir='ltr'>Tullium</span> <span class='ocrx_word' id='word_1_177' title='bbox 756 3166 894 3225; x_wconf 89' lang='lat' dir='ltr'>secutus</span> <span class='ocrx_word' id='word_1_178' title='bbox 929 3161 980 3225; x_wconf 90' lang='lat' dir='ltr'>sit.</span> <span class='ocrx_word' id='word_1_179' title='bbox 1028 3158 1179 3225; x_wconf 90' lang='lat' dir='ltr'>Rufinus</span> <span class='ocrx_word' id='word_1_180' title='bbox 1213 3160 1286 3244; x_wconf 90' lang='lat' dir='ltr'>ipse</span> <span class='ocrx_word' id='word_1_181' title='bbox 1310 3158 1404 3223; x_wconf 88' lang='lat' dir='ltr'>iden-</span> 
     </span>
     <span class='ocr_line' id='line_1_26' title="bbox 339 3264 1404 3352; baseline -0.002 -22"><span class='ocrx_word' id='word_1_182' title='bbox 339 3265 447 3330; x_wconf 86' lang='lat' dir='ltr'>tidem</span> <span class='ocrx_word' id='word_1_183' title='bbox 471 3265 553 3331; x_wconf 90' lang='lat' dir='ltr'>dicit</span> <span class='ocrx_word' id='word_1_184' title='bbox 588 3287 623 3331; x_wconf 89' lang='lat' dir='ltr'>se</span> <span class='ocrx_word' id='word_1_185' title='bbox 648 3266 820 3332; x_wconf 86' lang='lat' dir='ltr'>Ciceronis</span> <span class='ocrx_word' id='word_1_186' title='bbox 844 3268 969 3352; x_wconf 87' lang='lat' dir='ltr'>scripta</span> <span class='ocrx_word' id='word_1_187' title='bbox 994 3266 1035 3332; x_wconf 92' lang='lat' dir='ltr'>de</span> <span class='ocrx_word' id='word_1_188' title='bbox 1060 3274 1131 3333; x_wconf 85' lang='lat' dir='ltr'>arte</span> <span class='ocrx_word' id='word_1_189' title='bbox 1155 3267 1323 3332; x_wconf 86' lang='lat' dir='ltr'>rhetorica</span> <span class='ocrx_word' id='word_1_190' title='bbox 1348 3264 1404 3329; x_wconf 87' lang='lat' dir='ltr'>ad·</span> 
     </span>
     <span class='ocr_line' id='line_1_27' title="bbox 339 3373 932 3458; baseline 0.003 -22"><span class='ocrx_word' id='word_1_191' title='bbox 339 3373 493 3438; x_wconf 82' lang='lat' dir='ltr'>lribuisse</span> <span class='ocrx_word' id='word_1_192' title='bbox 517 3374 623 3458; x_wconf 88' lang='lat' dir='ltr'>idque</span> <span class='ocrx_word' id='word_1_193' title='bbox 647 3374 740 3439; x_wconf 88' lang='lat' dir='ltr'>hisce</span> <span class='ocrx_word' id='word_1_194' title='bbox 764 3375 932 3440; x_wconf 82' lang='lat' dir='ltr'>versibus:</span> 
     </span>
    </p>

    <p class='ocr_par' dir='ltr' id='par_1_6' title="bbox 384 3479 1360 3565">
     <span class='ocr_line' id='line_1_28' title="bbox 384 3479 1360 3565; baseline -0.001 -21"><span class='ocrx_word' id='word_1_195' title='bbox 384 3502 417 3564; x_wconf 92' lang='lat' dir='ltr'>p.</span> <span class='ocrx_word' id='word_1_196' title='bbox 443 3480 534 3565; x_wconf 71' lang='grc'>566,2</span> <span class='ocrx_word' id='word_1_197' title='bbox 572 3481 706 3546; x_wconf 82' lang='lat' dir='ltr'>Tullius</span> <span class='ocrx_word' id='word_1_198' title='bbox 730 3482 824 3547; x_wconf 93' lang='lat' dir='ltr'>hunc</span> <span class='ocrx_word' id='word_1_199' title='bbox 848 3482 977 3561; x_wconf 81' lang='lat' dir='ltr'>laudat,</span> <span class='ocrx_word' id='word_1_200' title='bbox 1004 3483 1060 3546; x_wconf 90' lang='lat' dir='ltr'>oui</span> <span class='ocrx_word' id='word_1_201' title='bbox 1083 3482 1126 3546; x_wconf 90' lang='lat' dir='ltr'>sit</span> <span class='ocrx_word' id='word_1_202' title='bbox 1146 3479 1360 3565; x_wconf 85' lang='lat' dir='ltr'>paenultima</span> 
     </span>
    </p>

    <p class='ocr_par' dir='ltr' id='par_1_7' title="bbox 386 3586 1406 4098">
     <span class='ocr_line' id='line_1_29' title="bbox 1139 3586 1259 3670; baseline -0.008 -18"><span class='ocrx_word' id='word_1_203' title='bbox 1139 3586 1259 3670; x_wconf 83' lang='lat' dir='ltr'>longa;</span> 
     </span>
     <span class='ocr_line' id='line_1_30' title="bbox 386 3692 1360 3777; baseline -0.001 -20"><span class='ocrx_word' id='word_1_204' title='bbox 386 3713 418 3776; x_wconf 92' lang='lat' dir='ltr'>p.</span> <span class='ocrx_word' id='word_1_205' title='bbox 444 3692 550 3777; x_wconf 66' lang='lat'>566‚15</span> <span class='ocrx_word' id='word_1_206' title='bbox 575 3701 614 3758; x_wconf 90' lang='lat' dir='ltr'>ut</span> <span class='ocrx_word' id='word_1_207' title='bbox 647 3694 747 3760; x_wconf 90' lang='lat' dir='ltr'>docet</span> <span class='ocrx_word' id='word_1_208' title='bbox 779 3694 955 3760; x_wconf 82' lang='lat' dir='ltr'>Ausonius</span> <span class='ocrx_word' id='word_1_209' title='bbox 991 3702 1106 3758; x_wconf 87' lang='lat' dir='ltr'>orator</span> <span class='ocrx_word' id='word_1_210' title='bbox 1142 3692 1276 3758; x_wconf 82' lang='lat' dir='ltr'>Tullius</span> <span class='ocrx_word' id='word_1_211' title='bbox 1311 3694 1360 3756; x_wconf 90' lang='lat' dir='ltr'>in-</span> 
     </span>
     <span class='ocr_line' id='line_1_31' title="bbox 1140 3822 1239 3886; baseline -0.01 -21"><span class='ocrx_word' id='word_1_212' title='bbox 1140 3822 1239 3886; x_wconf 86' lang='lat' dir='ltr'>gens;</span> 
     </span>
     <span class='ocr_line' id='line_1_32' title="bbox 386 3902 1359 3994; baseline -0.001 -23"><span class='ocrx_word' id='word_1_213' title='bbox 386 3928 418 3991; x_wconf 93' lang='lat' dir='ltr'>p.</span> <span class='ocrx_word' id='word_1_214' title='bbox 444 3906 548 3991; x_wconf 70' lang='grc'>567,17</span> <span class='ocrx_word' id='word_1_215' title='bbox 573 3907 708 3972; x_wconf 90' lang='lat' dir='ltr'>iudiciis</span> <span class='ocrx_word' id='word_1_216' title='bbox 724 3929 858 3994; x_wconf 86' lang='lat' dir='ltr'>paeana</span> <span class='ocrx_word' id='word_1_217' title='bbox 874 3905 976 3972; x_wconf 82' lang='lat' dir='ltr'>refert</span> <span class='ocrx_word' id='word_1_218' title='bbox 999 3907 1063 3973; x_wconf 87' lang='lat' dir='ltr'>tibi</span> <span class='ocrx_word' id='word_1_219' title='bbox 1078 3908 1212 3972; x_wconf 89' lang='lat' dir='ltr'>Tullius</span> <span class='ocrx_word' id='word_1_220' title='bbox 1228 3902 1359 3993; x_wconf 85' lang='lat' dir='ltr'>aptum.</span> 
     </span>
     <span class='ocr_line' id='line_1_33' title="bbox 448 4013 1406 4098; baseline -0.002 -20"><span class='ocrx_word' id='word_1_221' title='bbox 448 4013 570 4098; x_wconf 87' lang='lat' dir='ltr'>ltaque</span> <span class='ocrx_word' id='word_1_222' title='bbox 593 4015 664 4079; x_wconf 91' lang='lat' dir='ltr'>iarn</span> <span class='ocrx_word' id='word_1_223' title='bbox 687 4015 821 4081; x_wconf 90' lang='lat' dir='ltr'>Keilius</span> <span class='ocrx_word' id='word_1_224' title='bbox 846 4013 990 4097; x_wconf 84' lang='lat' dir='ltr'>singulis</span> <span class='ocrx_word' id='word_1_225' title='bbox 1013 4015 1169 4080; x_wconf 80' lang='lat' dir='ltr'>versibus</span> <span class='ocrx_word' id='word_1_226' title='bbox 1196 4014 1290 4080; x_wconf 89' lang='lat' dir='ltr'>locos</span> <span class='ocrx_word' id='word_1_227' title='bbox 1315 4013 1406 4078; x_wconf 88' lang='lat' dir='ltr'>Cice-</span> 
     </span>
    </p>

    <p class='ocr_par' dir='ltr' id='par_1_8' title="bbox 342 4120 1406 4419">
     <span class='ocr_line' id='line_1_34' title="bbox 343 4120 1406 4207; baseline -0.001 -22"><span class='ocrx_word' id='word_1_228' title='bbox 343 4121 435 4185; x_wconf 85' lang='lat' dir='ltr'>ronis</span> <span class='ocrx_word' id='word_1_229' title='bbox 460 4121 648 4201; x_wconf 76' lang='lat' dir='ltr'>adnotavit,</span> <span class='ocrx_word' id='word_1_230' title='bbox 684 4144 726 4186; x_wconf 86' lang='lat' dir='ltr'>ex</span> <span class='ocrx_word' id='word_1_231' title='bbox 750 4122 878 4207; x_wconf 91' lang='lat' dir='ltr'>quibus</span> <span class='ocrx_word' id='word_1_232' title='bbox 901 4121 977 4186; x_wconf 88' lang='lat' dir='ltr'>illos</span> <span class='ocrx_word' id='word_1_233' title='bbox 1001 4143 1119 4186; x_wconf 83' lang='lat' dir='ltr'>versus</span> <span class='ocrx_word' id='word_1_234' title='bbox 1142 4120 1284 4186; x_wconf 87' lang='lat' dir='ltr'>fluxisse</span> <span class='ocrx_word' id='word_1_235' title='bbox 1307 4127 1406 4207; x_wconf 88' lang='lat' dir='ltr'>puta-</span> 
     </span>
     <span class='ocr_line' id='line_1_35' title="bbox 342 4226 1406 4295; baseline -0.003 -2"><span class='ocrx_word' id='word_1_236' title='bbox 342 4228 400 4294; x_wconf 81' lang='lat' dir='ltr'>rit.</span> <span class='ocrx_word' id='word_1_237' title='bbox 447 4228 601 4294; x_wconf 88' lang='lat' dir='ltr'>Keiliurn</span> <span class='ocrx_word' id='word_1_238' title='bbox 625 4237 742 4295; x_wconf 87' lang='lat' dir='ltr'>autem</span> <span class='ocrx_word' id='word_1_239' title='bbox 767 4227 806 4293; x_wconf 90' lang='lat' dir='ltr'>G.</span> <span class='ocrx_word' id='word_1_240' title='bbox 832 4228 1009 4294; x_wconf 88' lang='lat' dir='ltr'>Wuestius</span> <span class='ocrx_word' id='word_1_241' title='bbox 1044 4236 1182 4293; x_wconf 89' lang='lat' dir='ltr'>secutus</span> <span class='ocrx_word' id='word_1_242' title='bbox 1207 4228 1317 4292; x_wconf 90' lang='lat' dir='ltr'>estin</span> <span class='ocrx_word' id='word_1_243' title='bbox 1341 4226 1406 4290; x_wconf 86' lang='lat' dir='ltr'>dis-</span> 
     </span>
     <span class='ocr_line' id='line_1_36' title="bbox 344 4334 1406 4419; baseline 0 -21"><span class='ocrx_word' id='word_1_244' title='bbox 344 4338 528 4403; x_wconf 82' lang='lat' dir='ltr'>sertatione</span> <span class='ocrx_word' id='word_1_245' title='bbox 552 4359 629 4402; x_wconf 90' lang='lat' dir='ltr'>sua:</span> <span class='ocrx_word' id='word_1_246' title='bbox 667 4337 708 4402; x_wconf 92' lang='lat' dir='ltr'>dc</span> <span class='ocrx_word' id='word_1_247' title='bbox 738 4335 892 4401; x_wconf 88' lang='lat' dir='ltr'>clausula</span> <span class='ocrx_word' id='word_1_248' title='bbox 916 4334 1084 4399; x_wconf 84' lang='lat' dir='ltr'>rhetorica</span> <span class='ocrx_word' id='word_1_249' title='bbox 1120 4355 1209 4419; x_wconf 88' lang='lat' dir='ltr'>quae</span> <span class='ocrx_word' id='word_1_250' title='bbox 1233 4335 1406 4419; x_wconf 85' lang='lat' dir='ltr'>praecepit</span> 
     </span>
    </p>
   </div>
   <div class='ocr_carea' id='block_1_3' title="bbox 942 4678 1039 4771">
    <p class='ocr_par' dir='ltr' id='par_1_9' title="bbox 942 4678 1039 4771">
     <span class='ocr_line' id='line_1_37' title="bbox 942 4678 1039 4771; baseline 0 0"><span class='ocrx_word' id='word_1_251' title='bbox 942 4678 1039 4771; x_wconf 68' lang='grc' dir='ltr'>-Γ</span> 
     </span>
    </p>
   </div>
   <div class='ocr_carea' id='block_1_4' title="bbox 0 0 1631 5052">
    <p class='ocr_par' dir='ltr' id='par_1_10' title="bbox 0 0 1631 5052">
     <span class='ocr_line' id='line_1_38' title="bbox 0 0 1631 5052; baseline 0 0"><span class='ocrx_word' id='word_1_252' title='bbox 0 0 1631 5052; x_wconf 95' lang='lat' dir='ltr'> </span> 
     </span>
    </p>
   </div>
  </div>
 </body>
</html>
