3230 5052
689 504 866 567 -33..

241 681 317 746 loco
343 680 491 745 alterum
508 679 662 744 Probum
686 681 870 747 laudatum
894 705 976 760 esse,
1003 692 1107 769 atque
1124 687 1310 770 posteriore

242 808 315 852 non
338 787 523 852 verisimile
548 795 607 852 cst.
656 789 698 852 ln
721 788 825 854 Probi
849 789 1034 854 Catholicis
1069 790 1111 855 de
1147 813 1310 857 mensura

240 896 278 959 in
302 892 431 960 fabulis
454 893 570 959 latinis
599 894 756 961 adhibita
790 895 878 960 nihil
913 904 1211 978 commemoratur,
1249 900 1310 964 sed

241 1002 403 1087 exscripti
438 1008 520 1066 sunt
543 1023 672 1080 versus
709 1002 903 1088 exquibus
927 1010 1023 1089 patet
1047 1025 1128 1068 eum
1158 1013 1309 1071 metrum

239 1110 278 1173 in
300 1108 453 1174 Terentii
488 1107 615 1174 fabulis
640 1109 795 1174 sensisse.
842 1110 932 1174 Nam
967 1131 1183 1196 quamquam
1206 1113 1308 1178 inter-

241 1216 326 1280 dum
350 1215 455 1282 verba
479 1237 644 1281 versuum
669 1215 736 1282 alio
771 1215 911 1282 exhibet
946 1217 1076 1297 ordine,
1114 1240 1220 1302 quam
1256 1241 1308 1284 co-

241 1323 333 1388 dices
369 1322 530 1394 Terentii,
567 1324 629 1407 qui
664 1322 710 1387 ad
745 1330 894 1388 aetatem
933 1331 1086 1390 nostram
1126 1334 1307 1397 venerunt,

238 1436 358 1495 tamen
393 1436 502 1494 metra
538 1451 701 1494 versuum
737 1445 810 1494 non
835 1438 917 1496 sunt
940 1431 1088 1510 turbata,
1126 1439 1165 1497 ut
1197 1453 1307 1497 exem-

239 1535 339 1622 plum
363 1535 507 1602 afferam
531 1559 564 1623 p.
591 1538 642 1615 24,
656 1582 684 1621 Ἃ
1083 1529 1085 1532 ’

308 1678 325 1692 ν
346 1644 452 1709 etiam
498 1644 579 1708 inde
621 1642 741 1709 abiens
781 1649 929 1729 puerum
965 1649 1112 1708 conveni
1151 1644 1308 1708 Chremis

241 1750 303 1816 ubi
340 1750 492 1816 Terentii
528 1750 662 1815 codices
698 1773 806 1816 manu
842 1751 968 1836 scripti,
1009 1770 1097 1836 quos
1136 1749 1307 1814 habemus

240 1857 423 1942 praebent;

346 1965 450 2030 etiam
485 1986 634 2050 puerum
672 1963 753 2028 inde
793 1965 913 2029 abiens
952 1969 1099 2030 conveni
1139 1963 1304 2029 Chremis

238 2071 307 2136 Sed
329 2072 366 2135 in
391 2071 626 2137 exscribendis
649 2071 805 2137 versibus
830 2071 906 2136 aliis
931 2070 1109 2136 codicibus
1133 2092 1217 2135 usus
1257 2077 1307 2135 est

237 2199 344 2263 quam
369 2179 430 2263 qui
455 2178 547 2243 diem
571 2178 736 2257 tulerunt,
763 2177 859 2264 quod
887 2179 1072 2263 praecipue
1088 2177 1199 2243 tribus
1223 2177 1307 2243 locis

238 2284 440 2351 declaratur.
488 2285 578 2350 Nam
606 2307 639 2371 p.
668 2285 760 2370 16,12
796 2286 972 2370 exscripsit
1007 2306 1146 2350 versum
1169 2285 1304 2350 Terent.

235 2389 343 2456 Andr.
371 2390 435 2455 798
460 2391 525 2456 hoc
550 2392 671 2457 modo:

343 2519 451 2583 quam
482 2499 656 2564 honeste
680 2500 721 2563 in
745 2500 879 2585 patria
903 2521 1036 2585 pauper
1052 2499 1197 2582 vivero,

238 2604 301 2669 ubi
313 2605 451 2670 codices
463 2607 574 2670 nostri
586 2607 710 2692 optimi
722 2606 882 2672 tradunt:
898 2614 1015 2691 ‘quam
1027 2607 1069 2670 in
1081 2607 1223 2691 patria
1235 2605 1305 2671 ho-

237 2718 356 2777 neste
393 2733 527 2798 pauper
556 2713 742 2792 viveret’‚
779 2734 849 2798 quo
885 2713 1028 2798 quidem
1063 2734 1164 2779 versu
1200 2713 1304 2778 etiam

238 2817 336 2882 codd.
361 2819 593 2898 Victorianus,
619 2820 877 2898 Riccardianus,
902 2820 1109 2884 Decurtatus
1137 2819 1305 2905 praebent

239 2926 380 2991 ‘vivere'.
441 2926 637 2991 Priscianus
674 2948 814 3011 quoque
850 2925 946 2991 GLK
970 2926 1019 2990 ΠΙ
1047 2948 1079 3012 p.
1105 2925 1185 3010 99,2
1209 2926 1304 2990 bunc

234 3054 374 3098 versum
398 3032 651 3098 eodemmodo
675 3033 789 3113 tradit,
815 3054 885 3118 quo
909 3033 1015 3098 modo
1039 3033 1183 3099 Probus.
1209 3031 1305 3098 Alter

234 3139 331 3204 locus
355 3147 407 3205 est
429 3162 465 3225 p.
482 3140 541 3217 123,
555 3184 584 3224 25
610 3148 658 3205 ‘ut
694 3140 873 3224 gracilae
910 3142 1019 3219 sient',
1057 3162 1137 3205 cum
1172 3141 1209 3204 in
1236 3140 1302 3203 Eu-

234 3247 351 3312 nucho
376 3246 441 3310 314
464 3248 621 3331 legamus
646 3255 695 3312 ‘ut
719 3248 895 3332 graciles
920 3249 1028 3312 sient'.
1077 3247 1151 3312 lam
1174 3247 1302 3330 Eugra-

234 3353 339 3438 phius
364 3352 528 3419 adhunc
552 3376 691 3421 versum
717 3354 877 3420 adnotat:
904 3354 1039 3438 ‘legitur
1062 3361 1095 3419 et
1112 3354 1301 3437 gracilae,

234 3467 273 3526 ut
302 3460 525 3526 declinaverit
560 3460 742 3526 Terentius
767 3460 862 3526 ‘haec
898 3461 1044 3544 gracila'.
1099 3461 1142 3525 Et
1180 3461 1302 3525 tertius

232 3589 352 3632 versus
364 3568 542 3633 invenitur
562 3590 595 3654 p.
614 3568 667 3647 25,
679 3591 725 3652 32:
752 3568 893 3632 ‘huius
911 3568 1011 3633 anuis
1028 3588 1143 3646 causa,
1168 3567 1301 3652 opinor,

234 3695 324 3758 quae
349 3681 421 3740 erat
445 3677 604 3754 mortua’,
631 3675 693 3740 ubi
717 3674 853 3740 codices
877 3674 1020 3740 tradunt
1046 3675 1154 3738 ‘eius
1175 3674 1300 3750 anuis,

233 3802 314 3844 cum
331 3782 437 3846 etiam
462 3781 558 3866 apud
583 3781 777 3847 Charisium
802 3780 934 3860 GLKI,
959 3803 991 3867 p.
1017 3782 1061 3846 54
1095 3781 1152 3846 hic
1183 3802 1302 3846 versus

232 3887 420 3953 inducatur
443 3887 556 3954 verbis
581 3888 723 3953 ‘huius
747 3889 867 3954 anuis’.

340 4011 443 4094 Quod
467 4012 512 4092 ad
535 4020 669 4098 partem
693 4012 798 4078 Probi
832 4012 1082 4078 catholicorum
1118 4011 1159 4076 de
1196 4019 1300 4077 struc-

231 4125 309 4184 tura
332 4120 493 4204 pertinet,
530 4140 747 4205 quamquam
777 4141 854 4185 eam
888 4120 925 4183 in
960 4117 1031 4184 fine
1055 4117 1126 4184 lere
1155 4117 1234 4182 libri
1258 4117 1300 4182 de

231 4227 349 4291 matris
386 4227 646 4312 exspectaveris,
684 4249 725 4292 ex
759 4228 836 4313 ipso
865 4225 1048 4291 Sacerdote
1084 4226 1212 4289 scimus
1236 4245 1300 4288 suo

230 4350 309 4398 eam
332 4332 409 4398 loco
434 4355 517 4398 esse.
564 4333 655 4399 Nam
679 4356 721 4398 ex
744 4334 843 4399 initio
879 4333 956 4397 libri
991 4333 1082 4397 tertii
1107 4330 1300 4396 Sacerdotis

1175 4456 1191 4506 3
