3230 5052
758 503 936 567 --20-

419 682 611 746 Plinium
634 680 843 746 Ritschelius
867 680 1001 763 Parerg.
1026 680 1043 744 I
1065 702 1098 766 p.
1124 680 1189 744 360
1212 679 1379 763 intellegit

314 796 386 854 ‘aut
408 788 578 854 librorum
595 788 637 853 (19
655 787 762 852 dubio
780 807 939 852 sermone
956 793 1016 852 aut
1032 787 1200 852 naturalis
1217 786 1379 852 historiae

312 896 524 981 scriptorem,
559 895 597 959 in
632 915 702 978 qua
738 893 780 958 (19
804 892 928 958 Plauto
952 899 1055 979 pocta
1078 893 1233 978 loquitm·
1255 893 1379 971 XVIII,

316 1002 355 1065 11
392 1001 522 1086 (107))
559 1021 775 1086 quamquam
810 1001 915 1066 etiam
950 1002 987 1065 in
1011 1000 1098 1064 Plin.
1128 1001 1225 1086 epist.
1250 999 1276 1078 I,
1303 999 1381 1082 16„

312 1107 447 1193 aliquid
482 1114 532 1174 est
562 1106 785 1173 huiusmodi’.
833 1107 910 1172 Hoc
935 1109 1029 1172 enim
1054 1106 1281 1193 epistularum
1304 1104 1380 1171 loco

311 1214 445 1280 Plinius
495 1214 538 1279 de
584 1215 750 1300 Pompeio
798 1213 959 1280 Saturnio
1014 1212 1179 1300 epistulas
1224 1212 1378 1296 legente:

313 1320 498 1400 ‘Plautum
523 1322 648 1406 inquit,
666 1321 720 1387 vel
732 1321 935 1386 Terentium
950 1328 1078 1386 metro
1103 1321 1291 1386 solutum
1313 1321 1381 1404 legi

311 1427 461 1492 credidi'.
511 1427 579 1493 Sed
614 1451 694 1494 cum
718 1428 850 1492 Plinius
873 1429 911 1492 in
934 1435 1052 1493 nostro
1076 1426 1191 1493 libello
1215 1427 1381 1492 inductus

312 1535 357 1599 sit
380 1557 451 1600 una
476 1557 556 1601 cum
580 1536 670 1612 virio,
708 1515 769 1620 qui
797 1555 918 1600 omnes
954 1536 1024 1600 sire
1050 1534 1091 1598 (19
1116 1541 1187 1599 arte
1212 1555 1380 1618 gramma-

311 1639 395 1721 tica,
433 1643 503 1708 sire
538 1642 722 1721 rhetorica,
764 1642 835 1709 sive
870 1643 1012 1707 metn'oa
1049 1642 1273 1726 scripserunt,
1309 1643 1381 1705 reri

311 1748 422 1814 simile
452 1756 503 1814 est
539 1770 558 1813 a
582 1747 712 1814 Rufino
736 1747 890 1813 Plinium
913 1756 1053 1835 propter
1075 1748 1181 1814 libros
1205 1747 1248 1813 (19
1272 1747 1380 1814 dubio

312 1875 471 1920 sermone
496 1855 703 1921 adnotatum
728 1878 811 1922 9999.
858 1855 904 1922 At
928 1877 1144 1941 quamquam
1166 1856 1204 1919 in
1227 1854 1380 1939 reliquiis

311 1960 479 2026 librorum
504 1962 603 2028 dubii
626 1963 794 2027 sermonis
810 1962 891 2027 VIII
915 1984 935 2027 a
957 1964 988 2028 J.
1007 1963 1060 2028 W.
1078 1961 1205 2027 Ι1199119
1230 1960 1380 2026 collectis

313 2088 490 2152 nusquam
524 2068 678 2132 Plinium
714 2068 756 2133 (19
791 2069 983 2133 versibus
1018 2068 1132 2134 Plauti
1167 2075 1201 2133 et
1229 2067 1381 2134 Terentii

313 2174 384 2239 siVe
409 2173 451 2238 de
475 2173 542 2239 illis
565 2176 707 2260 poetis
732 2175 906 2240 dicentem
929 2175 1170 2260 invenimus2),
1196 2182 1315 2240 tamen
1339 2195 1381 2239 ex

311 2279 387 2345 loeo
424 2280 591 2346 naturalis
626 2281 789 2348 historiae
826 2305 850 2346 s.
887 2282 907 2346 l.
944 2281 1096 2347 vidimus
1131 2303 1212 2347 eum
1243 2281 1380 2346 scivisse

312 2386 477 2453 Plautum
513 2395 547 2453 et
570 2388 773 2454 Terentium
807 2388 945 2454 tabulas
979 2389 1098 2454 metris
1133 2388 1378 2474 composuisse.

312 2492 381 2559 Sed
415 2502 550 2580 praeter
573 2495 677 2559 Plinii
711 2495 850 2561 maioris
884 2495 1014 2562 librum
1038 2517 1063 2562 s.
1088 2495 1109 2561 l.
1146 2495 1191 2561 ad
1218 2515 1380 2580 999991-

200 2637 203 2645 .
310 2601 424 2665 tinent
453 2602 558 2666 etiarn
582 2603 656 2666 eius
681 2601 837 2666 ‘studiosi
859 2606 938 2668 tres’
953 2600 978 2686 3)
1013 2602 1091 2669 libri
1125 2602 1226 2668 nobis
1249 2601 1379 2668 insidia

315 2704 477 2772 fortunae
513 2708 630 2793 erepti,
669 2707 808 2793 ‘quibus
843 2715 1024 2790 oratorem,
1062 2716 1100 2775 ut
1124 2708 1257 2774 Plinius
1281 2709 1377 2794 epist.

313 2811 363 2876 III
386 2814 443 2897 5„
479 2821 605 2893 narrat,
643 2815 686 2881 ab
722 2816 945 2882 incunabulis
980 2817 1131 2902 instituit
1166 2823 1200 2881 et
1223 2813 1378 2901 perlicit'.

313 2917 449 3000 Quibus
486 2921 524 2985 in
562 2921 658 2987 libris
698 2944 808 3008 aeque
844 2944 883 2988 ac
919 2922 1036 2989 Cicero
1075 2930 1109 2989 et
1144 2921 1379 3004 Quintilianus

313 3028 447 3113 scriptis
482 3027 661 3094 rhetoricis
701 3029 743 3094 (19
779 3031 975 3096 versibus
1010 3030 1125 3095 Plauti
1160 3038 1193 3095 et
1228 3030 1379 3095 Terentii
1442 3013 1444 3018 ⁸

312 3132 445 3217 aliquid
469 3134 581 3200 dicere
604 3136 727 3220 potuit.

418 3241 616 3306 Donatus
650 3243 687 3306 in
724 3244 985 3309 enumeratione
1014 3244 1119 3309 huius
1143 3246 1249 3330 partis
1273 3243 1380 3310 libelli

418 3401 445 3466 1)
466 3403 563 3454 Locus
590 3407 636 3455 est
663 3403 726 3459 hic:
757 3406 897 3470 ‘artoptas
917 3405 1041 3458 Plautus
1062 3407 1192 3472 appellat
1216 3405 1249 3457 19
1267 3406 1378 3471 fabula,

311 3505 401 3554 quam
419 3491 604 3544 Aululariam
623 3493 782 3560 inscripsit,
807 3510 914 3560 magna
934 3496 972 3546 ob
991 3493 1023 3546 id
1043 3495 1263 3547 concertatione
1283 3494 1379 3547 erudi·

310 3583 417 3644 torum,
438 3595 475 3631 99
495 3579 521 3632 19
541 3597 643 3634 191999
663 3587 769 3648 poetae
789 3583 828 3634 sit
846 3584 946 3636 illius’.

424 3685 452 3754 2)
473 3686 613 3739 Plautum
641 3693 669 3740 et
698 3689 871 3741 Terentium
898 3691 930 3741 in
959 3691 1093 3756 reliquiis
1121 3690 1207 3743 dubii
1234 3693 1380 3745 sermonis

311 3789 400 3840 saepe
431 3773 571 3827 inductos
600 3777 771 3844 reperimus,
793 3784 832 3831 ‚ut
856 3795 875 3844 p
895 3777 971 3850 13,27
991 3780 1095 3849 (Beck)
1115 3780 1246 3833 ‘Plautus
1265 3782 1297 3832 in
1317 3782 1379 3834 Ois-

310 3863 434 3915 tellaria'
464 3865 511 3916 vel
540 3865 605 3917 sine
624 3867 686 3918 ulla
714 3866 833 3919 fabulae
862 3869 1144 3921 commemoratione
1167 3886 1196 3935 p.
1215 3868 1262 3940 6,6
1281 3873 1378 3935 ‘quam

311 3952 434 4004 Plautus
467 3952 594 4007 diuerit'.
643 3955 683 4007 At
714 3958 806 4008 semel
838 3961 918 4010 totus
949 3973 1052 4010 versus
1083 3959 1216 4011 trimeter
1247 3959 1379 4012 Terentii

311 4041 418 4094 allatus
439 4047 484 4094 est
502 4059 530 4108 p.
550 4042 592 4108 58,
604 4075 628 4113 13
647 4043 735 4096 ‘idem
754 4045 785 4097 in
796 4046 976 4098 Phomrione
997 4050 1034 4114 (r.
1055 4047 1118 4116 891)
1140 4047 1290 4100 ί99911199
1310 4065 1378 4102 con-

311 4129 415 4182 cedam
434 4131 467 4183 in
487 4132 676 4198 angiportum
695 4133 774 4185 hune
794 4136 980 4200 proximum’.

418 4238 446 4307 3)
466 4237 502 4291 de
534 4239 727 4306 inscriptione
760 4242 794 4293 ci.
825 4243 915 4308 Marx,
947 4243 1095 4311 Anonym.
1128 4243 1165 4296 ad
1194 4246 1378 4297 Herennium

311 4326 418 4393 9102.

412 4844 814 5023 ΑΊ
