3230 5052
760 498 937 560 ..42-

310 679 440 755 6116166,
466 678 502 740 16
527 676 656 762 quibus
679 675 755 741 lieri
779 676 901 760 potuit,
927 682 966 739 ut
991 675 1032 738 de
1069 672 1233 739 clausulis
1269 695 1380 758 aeque

310 806 349 850 ao
374 785 491 850 Cicero
529 790 562 848 61
601 782 837 864 Quintilianus
875 788 1000 865 ageret,
1042 781 1071 844 61
1108 779 1214 845 modo
1254 780 1298 844 ab
1339 801 1379 844 66

310 892 428 976 scripti
451 897 557 968 erant,
584 911 653 974 qua
678 889 779 954 (1616
805 888 977 954 dubitavit
1015 888 1224 953 Ritschelius
1261 908 1378 972 opusc.

310 999 360 1062 Ill
383 1020 415 1084 p.
442 999 516 1076 357,
543 997 604 1082 qui
627 994 749 1060 Rufini
783 995 1023 1062 testimonium
1058 993 1160 1060 refert
1199 992 1244 1058 ad
1282 993 1379 1059 disci-

310 1105 488 1190 plinarum
511 1103 640 1168 librum
666 1102 708 1166 (16
732 1102 902 1168 1116161166
937 1100 958 1165 l.
977 1102 996 1165 l.
1027 1124 1059 1187 p.
1097 1101 1171 1166 381.
1208 1098 1379 1166 Rufinum

311 1218 428 1276 autem
459 1210 642 1276 verisimile
682 1217 734 1274 est
763 1191 873 1277 libros
909 1208 951 1274 (16
991 1229 1149 1273 66116666
1188 1207 1296 1272 161166
1335 1207 1380 1272 ad

309 1317 510 1382 Marcellum
535 1318 712 1400 cogitasse,
738 1317 820 1400 quia
844 1317 1016 1401 inpriore
1053 1316 1301 1380 commentario
1338 1338 1380 1379 ex

309 1425 363 1489 his
387 1425 482 1490 libris
506 1423 676 1488 nonnulla
699 1424 737 1487 in
761 1445 865 1488 6111116
900 1422 1061 1488 traduxit.
1109 1423 1153 1486 Et
1187 1421 1380 1486 Varronem

309 1554 345 1596 16
383 1553 464 1596 vera
498 1533 535 1595 in
571 1537 694 1616 quarto
733 1530 821 1595 libro
846 1530 888 1594 de
929 1551 1086 1594 sermone
1125 1529 1234 1594 latino
1274 1529 1379 1594 etiam

310 1660 473 1704 numeros
497 1639 663 1704 oratorios
675 1639 874 1704 tractavisse
887 1637 1092 1716 Wilmanns‚
1115 1637 1157 1702 (16
1169 1637 1213 1700 Μ.
1228 1636 1380 1702 Terentii

308 1746 472 1811 Varronis
496 1745 591 1810 libris
615 1745 847 1828 grammaticis
871 1766 903 1829 p.
931 1744 972 1808 72
997 1766 1039 1808 ex
1063 1765 1103 1808 ea
1137 1765 1172 1808 16
1199 1743 1378 1813 conclusit,

312 1853 408 1938 quod
430 1854 468 1918 in
496 1852 755 1917 conscribendis
778 1851 873 1916 libris
899 1850 940 1916 de
955 1865 1119 1916 sermone*
1127 1850 1236 1915 latino
1249 1849 1379 1935 Ephori

310 1961 387 2040 περὶ
410 1959 533 2042 λέξεως
551 1967 583 2025 61
596 1959 827 2045 Theophrasti
838 1958 954 2038 libros,
978 1957 1157 2043 inquibus
1171 1956 1213 2021 de
1226 1959 1379 2024 numeris

310 2067 466 2131 oratoriis
491 2076 614 2149 egerat,
641 2065 815 2130 consuluit
839 2074 873 2130 et
897 2065 992 2151 quod
1017 2086 1106 2150 opus
1128 2066 1245 2150 ipsum
1269 2065 1379 2130 simile

310 2180 361 2238 661
406 2173 501 2238 libris
547 2175 623 2254 περὶ
661 2172 792 2255 λέξεως,
838 2173 899 2258 qui
932 2171 1120 2237 rhetoricae
1166 2179 1300 2258 partem
1336 2171 1379 2237 de

310 2280 507 2346 elocutione
531 2280 797 2365 pertractabant.

415 2405 547 2472 Ultimo
583 2406 658 2470 loco
694 2407 876 2484 intereos,
914 2406 975 2489 qui
1013 2405 1119 2470 latine
1159 2405 1201 2469 (16
1225 2406 1379 2469 66616116

310 2521 487 2578 6161611161
511 2513 729 2596 scripserunt,
756 2534 775 2576 a
799 2509 929 2576 Rufino
970 2511 1141 2577 Servius
1176 2513 1378 2577 nominatus

310 2627 369 2684 est.
418 2619 523 2683 Hunc
559 2618 603 2683 ab
638 2618 883 2703 interpolatore
922 2619 1095 2682 monacho
1137 2618 1233 2684 haud
1273 2619 1377 2684 dubie

310 2725 469 2791 additum
494 2747 567 2790 esse
592 2724 768 2789 Lucienus
791 2724 987 2804 Muellerus
1014 2725 1056 2790 de
1070 2747 1105 2790 re
1118 2733 1214 2791 metr.
1240 2727 1286 2811 ‘²p.
1315 2726 1376 2790 151

310 2833 498 2900 contendit.
547 2832 615 2897 Sed
653 2855 733 2897 cum
780 2853 901 2897 omnes
948 2840 1105 2898 auctores
1152 2855 1223 2898 uno
1266 2833 1377 2898 Cinna

308 2948 461 3026 excepto,
491 2940 587 3025 quod
624 2961 754 3005 nomen
802 2961 845 3004 ex
866 2939 996 3005 librarii
1032 2961 1143 3005 errore
1176 2948 1376 3026 corruptum

310 3071 382 3114 6666
408 3069 511 3133 supra
535 3069 567 3133 p.
594 3048 636 3111 28
661 3046 821 3118 vidimus,
847 3053 938 3112 recte
963 3069 982 3112 a
1006 3045 1137 3112 Rufino
1178 3048 1272 3113 citati
1296 3048 1375 3125 sint,

307 3154 464 3220 Muelleri
510 3154 681 3219 sententia
727 3154 920 3219 verisimilis
966 3175 1039 3219 non
1097 3162 1156 3219 est.
1219 3155 1376 3219 Primum

308 3261 477 3348 putabam
517 3259 690 3326 aRulino
730 3260 771 3325 (16
818 3260 876 3325 1116
924 3260 1041 3328 Servio
1066 3263 1255 3345 cogitatum
1292 3283 1374 3334 6666,

309 3371 407 3436 6111116
431 3368 572 3453 Vergilii
595 3376 792 3434 commenta
816 3369 918 3434 nobis
942 3377 1144 3435 conservata
1168 3376 1258 3434 61161.
1308 3368 1376 3434 Sed

308 3476 434 3543 11116116
480 3478 517 3541 16
564 3499 604 3542 66
651 3478 824 3562 inquisiti.
872 3477 987 3542 Etiam
1036 3484 1238 3563 praeceptor
1276 3499 1375 3541 meus

308 3582 508 3648 Ludovicus
531 3584 627 3668 Jeep,
666 3584 759 3648 hisce
782 3584 886 3648 rebus
910 3585 1060 3648 maxime
1083 3583 1249 3663 imbutus,
1276 3605 1296 3648 a
1319 3606 1375 3650 me

307 3691 539 3772 interrogatus
586 3713 605 3755 a
666 3691 872 3755 Dittmanno
935 3690 1133 3755 doctissimo
1192 3692 1375 3775 singularis

307 3796 522 3862 liberalitatis
548 3798 621 3861 viro
647 3795 875 3881 Gottingensi
902 3819 1007 3881 quem
1041 3797 1173 3863 indices
1186 3798 1231 3863 ad
1268 3797 1372 3863 Seruii

309 3909 505 3968 commenta
528 3905 565 3967 in
577 3904 767 3987 Vergilium
785 3903 828 3969 ab
842 3904 988 3987 Hageno
1005 3905 1186 3971 incohatos
1200 3905 1375 3971 editurum

308 4010 519 4089 audiveram,
545 4033 657 4096 nuper
680 4033 715 4075 66
740 4012 796 4090 ait,
822 4013 1032 4077 instructum
1056 4034 1130 4078 6666
1164 4014 1202 4077 16
1238 4012 1375 4096 Hageni

307 4118 482 4184 indicibus
505 4118 592 4183 nihil
617 4118 658 4184 de
684 4140 830 4184 numero
855 4121 1003 4185 oratorio
1042 4119 1109 4204 legi
1148 4142 1263 4204 neque
1287 4120 1375 4186 Ditt-

307 4247 479 4291 mannum
502 4226 619 4311 ipsum
643 4227 833 4311 quicquam
857 4226 899 4290 (16
924 4247 964 4292 ea
987 4250 1022 4292 re
1061 4228 1098 4292 in
1119 4228 1374 4292 commentariis

308 4334 415 4400 Servii
438 4335 621 4404 1616111666.
646 4333 768 4418 Neque
791 4335 828 4397 in
853 4335 1109 4400 commentariis
1146 4355 1165 4398 a
1190 4333 1307 4398 Servio
1337 4335 1374 4398 iu

572 4708 891 4816 μ
