<?xml version="1.0" encoding="UTF-8"?>
<!DOCTYPE html PUBLIC "-//W3C//DTD XHTML 1.0 Transitional//EN"
    "http://www.w3.org/TR/xhtml1/DTD/xhtml1-transitional.dtd">
<html xmlns="http://www.w3.org/1999/xhtml" xml:lang="en" lang="en">
 <head>
  <title>
</title>
<meta http-equiv="Content-Type" content="text/html;charset=utf-8" />
  <meta name='ocr-system' content='tesseract 3.04.00' />
  <meta name='ocr-capabilities' content='ocr_page ocr_carea ocr_par ocr_line ocrx_word'/>
</head>
<body>
  <div class='ocr_page' id='page_1' title='image "./derufiniantioch00cybugoog_0064.png"; bbox 0 0 3230 5052; ppageno 0'>
   <div class='ocr_carea' id='block_1_1' title="bbox 679 520 855 584">
    <p class='ocr_par' dir='ltr' id='par_1_1' title="bbox 679 520 855 584">
     <span class='ocr_line' id='line_1_1' title="bbox 679 520 855 584; baseline 0 -18"><span class='ocrx_word' id='word_1_1' title='bbox 679 520 855 584; x_wconf 65' lang='lat'>„51-</span> 
     </span>
    </p>
   </div>
   <div class='ocr_carea' id='block_1_2' title="bbox 228 695 1305 2174">
    <p class='ocr_par' dir='ltr' id='par_1_2' title="bbox 229 695 1305 1210">
     <span class='ocr_line' id='line_1_2' title="bbox 229 695 1301 786; baseline 0.004 -26"><span class='ocrx_word' id='word_1_2' title='bbox 229 697 408 782; x_wconf 87' lang='lat' dir='ltr'>reperitur,</span> <span class='ocrx_word' id='word_1_3' title='bbox 457 695 502 762; x_wconf 81' lang='lat' dir='ltr'>At</span> <span class='ocrx_word' id='word_1_4' title='bbox 524 697 664 762; x_wconf 89' lang='lat' dir='ltr'>initium</span> <span class='ocrx_word' id='word_1_5' title='bbox 687 719 807 764; x_wconf 79' lang='lat' dir='ltr'>versus</span> <span class='ocrx_word' id='word_1_6' title='bbox 831 720 873 763; x_wconf 84' lang='lat' dir='ltr'>ex</span> <span class='ocrx_word' id='word_1_7' title='bbox 889 697 1011 764; x_wconf 88' lang='lat' dir='ltr'>Rufini</span> <span class='ocrx_word' id='word_1_8' title='bbox 1028 706 1189 786; x_wconf 83' lang='lat' dir='ltr'>excerpto</span> <span class='ocrx_word' id='word_1_9' title='bbox 1206 699 1301 765; x_wconf 86' lang='lat' dir='ltr'>allati</span> 
     </span>
     <span class='ocr_line' id='line_1_3' title="bbox 230 803 1299 890; baseline 0.005 -24"><span class='ocrx_word' id='word_1_10' title='bbox 230 804 402 869; x_wconf 83' lang='lat' dir='ltr'>incertum</span> <span class='ocrx_word' id='word_1_11' title='bbox 427 810 487 883; x_wconf 77' lang='lat' dir='ltr'>est,</span> <span class='ocrx_word' id='word_1_12' title='bbox 513 811 631 869; x_wconf 90' lang='lat' dir='ltr'>utrum</span> <span class='ocrx_word' id='word_1_13' title='bbox 656 803 864 890; x_wconf 89' lang='lat' dir='ltr'>dactylicum</span> <span class='ocrx_word' id='word_1_14' title='bbox 895 825 941 870; x_wconf 88' lang='lat' dir='ltr'>an</span> <span class='ocrx_word' id='word_1_15' title='bbox 963 806 1155 872; x_wconf 88' lang='lat' dir='ltr'>iambicum</span> <span class='ocrx_word' id='word_1_16' title='bbox 1178 805 1299 872; x_wconf 83' lang='lat' dir='ltr'>ferien-</span> 
     </span>
     <span class='ocr_line' id='line_1_4' title="bbox 231 909 1305 992; baseline 0.004 -18"><span class='ocrx_word' id='word_1_17' title='bbox 231 910 318 974; x_wconf 91' lang='lat' dir='ltr'>dum</span> <span class='ocrx_word' id='word_1_18' title='bbox 342 911 393 975; x_wconf 91' lang='lat' dir='ltr'>sit.</span> <span class='ocrx_word' id='word_1_19' title='bbox 450 909 517 975; x_wconf 90' lang='lat' dir='ltr'>Sed</span> <span class='ocrx_word' id='word_1_20' title='bbox 552 911 590 975; x_wconf 92' lang='lat' dir='ltr'>in</span> <span class='ocrx_word' id='word_1_21' title='bbox 613 910 790 990; x_wconf 78' lang='lat' dir='ltr'>Victorini,</span> <span class='ocrx_word' id='word_1_22' title='bbox 833 912 1040 992; x_wconf 72' lang='lat' dir='ltr'>Terentiam,</span> <span class='ocrx_word' id='word_1_23' title='bbox 1076 913 1185 979; x_wconf 92' lang='lat' dir='ltr'>lubae</span> <span class='ocrx_word' id='word_1_24' title='bbox 1217 911 1305 978; x_wconf 89' lang='lat' dir='ltr'>locis</span> 
     </span>
     <span class='ocr_line' id='line_1_5' title="bbox 231 1015 1209 1103; baseline 0.005 -23"><span class='ocrx_word' id='word_1_25' title='bbox 231 1038 336 1101; x_wconf 90' lang='lat' dir='ltr'>supra</span> <span class='ocrx_word' id='word_1_26' title='bbox 359 1015 509 1082; x_wconf 89' lang='lat' dir='ltr'>laudatis</span> <span class='ocrx_word' id='word_1_27' title='bbox 533 1017 619 1082; x_wconf 92' lang='lat' dir='ltr'>nihil</span> <span class='ocrx_word' id='word_1_28' title='bbox 644 1026 916 1084; x_wconf 90' lang='lat' dir='ltr'>commemoratu</span> <span class='ocrx_word' id='word_1_29' title='bbox 941 1018 1088 1103; x_wconf 90' lang='lat' dir='ltr'>dignum</span> <span class='ocrx_word' id='word_1_30' title='bbox 1111 1021 1209 1087; x_wconf 89' lang='lat' dir='ltr'>inest.</span> 
     </span>
     <span class='ocr_line' id='line_1_6' title="bbox 338 1123 1303 1210; baseline 0.006 -22"><span class='ocrx_word' id='word_1_31' title='bbox 338 1123 413 1189; x_wconf 94' lang='lat' dir='ltr'>lam</span> <span class='ocrx_word' id='word_1_32' title='bbox 437 1123 634 1190; x_wconf 77' lang='lat' dir='ltr'>accedimus</span> <span class='ocrx_word' id='word_1_33' title='bbox 658 1123 703 1190; x_wconf 93' lang='lat' dir='ltr'>ad</span> <span class='ocrx_word' id='word_1_34' title='bbox 726 1147 845 1191; x_wconf 89' lang='lat' dir='ltr'>versus</span> <span class='ocrx_word' id='word_1_35' title='bbox 868 1123 992 1190; x_wconf 86' lang='lat' dir='ltr'>Rufini</span> <span class='ocrx_word' id='word_1_36' title='bbox 1016 1129 1234 1210; x_wconf 83' lang='lat' dir='ltr'>grammatici</span> <span class='ocrx_word' id='word_1_37' title='bbox 1258 1129 1303 1193; x_wconf 89' lang='lat' dir='ltr'>da</span> 
     </span>
    </p>

    <p class='ocr_par' dir='ltr' id='par_1_3' title="bbox 228 1230 1302 1958">
     <span class='ocr_line' id='line_1_7' title="bbox 231 1230 1300 1320; baseline 0.007 -26"><span class='ocrx_word' id='word_1_38' title='bbox 231 1231 349 1294; x_wconf 86' lang='lat' dir='ltr'>metris</span> <span class='ocrx_word' id='word_1_39' title='bbox 389 1230 539 1296; x_wconf 88' lang='lat' dir='ltr'>Terentii</span> <span class='ocrx_word' id='word_1_40' title='bbox 580 1238 613 1295; x_wconf 90' lang='lat' dir='ltr'>et</span> <span class='ocrx_word' id='word_1_41' title='bbox 652 1230 767 1297; x_wconf 87' lang='lat' dir='ltr'>Plauti</span> <span class='ocrx_word' id='word_1_42' title='bbox 801 1239 835 1296; x_wconf 91' lang='lat' dir='ltr'>et</span> <span class='ocrx_word' id='word_1_43' title='bbox 879 1239 1073 1298; x_wconf 90' lang='lat' dir='ltr'>ceterorum</span> <span class='ocrx_word' id='word_1_44' title='bbox 1114 1257 1146 1320; x_wconf 93' lang='lat' dir='ltr'>p.</span> <span class='ocrx_word' id='word_1_45' title='bbox 1200 1236 1300 1320; x_wconf 44' lang='lat' dir='ltr'>staff.</span> 
     </span>
     <span class='ocr_line' id='line_1_8' title="bbox 230 1331 1302 1407; baseline 0.007 -6"><span class='ocrx_word' id='word_1_46' title='bbox 230 1335 340 1402; x_wconf 83' lang='lat' dir='ltr'>Valde</span> <span class='ocrx_word' id='word_1_47' title='bbox 363 1337 563 1402; x_wconf 90' lang='lat' dir='ltr'>mirandum</span> <span class='ocrx_word' id='word_1_48' title='bbox 587 1343 639 1403; x_wconf 90' lang='lat' dir='ltr'>est</span> <span class='ocrx_word' id='word_1_49' title='bbox 653 1336 775 1403; x_wconf 81' lang='lat' dir='ltr'>Rufini</span> <span class='ocrx_word' id='word_1_50' title='bbox 798 1361 917 1404; x_wconf 86' lang='lat' dir='ltr'>versus</span> <span class='ocrx_word' id='word_1_51' title='bbox 942 1331 1015 1404; x_wconf 88' lang='lat' dir='ltr'>uon</span> <span class='ocrx_word' id='word_1_52' title='bbox 1031 1341 1216 1407; x_wconf 90' lang='lat' dir='ltr'>continuos</span> <span class='ocrx_word' id='word_1_53' title='bbox 1240 1343 1302 1407; x_wconf 91' lang='lat' dir='ltr'>sed</span> 
     </span>
     <span class='ocr_line' id='line_1_9' title="bbox 228 1444 1302 1535; baseline 0.007 -28"><span class='ocrx_word' id='word_1_54' title='bbox 228 1444 440 1530; x_wconf 86' lang='lat' dir='ltr'>interruptos</span> <span class='ocrx_word' id='word_1_55' title='bbox 464 1466 537 1511; x_wconf 90' lang='lat' dir='ltr'>esse</span> <span class='ocrx_word' id='word_1_56' title='bbox 562 1445 727 1530; x_wconf 85' lang='lat' dir='ltr'>exemplis</span> <span class='ocrx_word' id='word_1_57' title='bbox 757 1467 798 1510; x_wconf 84' lang='lat' dir='ltr'>ex</span> <span class='ocrx_word' id='word_1_58' title='bbox 821 1446 977 1511; x_wconf 87' lang='lat' dir='ltr'>Terentii</span> <span class='ocrx_word' id='word_1_59' title='bbox 1000 1445 1128 1512; x_wconf 88' lang='lat' dir='ltr'>fabulis</span> <span class='ocrx_word' id='word_1_60' title='bbox 1153 1450 1302 1535; x_wconf 89' lang='lat' dir='ltr'>sumptis</span> 
     </span>
     <span class='ocr_line' id='line_1_10' title="bbox 230 1551 1302 1638; baseline 0.007 -24"><span class='ocrx_word' id='word_1_61' title='bbox 230 1557 264 1614; x_wconf 90' lang='lat' dir='ltr'>et</span> <span class='ocrx_word' id='word_1_62' title='bbox 287 1551 441 1635; x_wconf 86' lang='lat' dir='ltr'>proseria</span> <span class='ocrx_word' id='word_1_63' title='bbox 465 1552 619 1617; x_wconf 90' lang='lat' dir='ltr'>oratione</span> <span class='ocrx_word' id='word_1_64' title='bbox 643 1551 858 1618; x_wconf 75' lang='lat' dir='ltr'>introductis.</span> <span class='ocrx_word' id='word_1_65' title='bbox 912 1553 1069 1619; x_wconf 89' lang='lat' dir='ltr'>Primum</span> <span class='ocrx_word' id='word_1_66' title='bbox 1096 1555 1201 1638; x_wconf 86' lang='lat' dir='ltr'>igitur</span> <span class='ocrx_word' id='word_1_67' title='bbox 1235 1555 1302 1621; x_wconf 90' lang='lat' dir='ltr'>illis</span> 
     </span>
     <span class='ocr_line' id='line_1_11' title="bbox 230 1656 1301 1746; baseline 0.006 -25"><span class='ocrx_word' id='word_1_68' title='bbox 230 1656 396 1742; x_wconf 73' lang='lat' dir='ltr'>exemplis</span> <span class='ocrx_word' id='word_1_69' title='bbox 420 1659 555 1723; x_wconf 90' lang='lat' dir='ltr'>omissis</span> <span class='ocrx_word' id='word_1_70' title='bbox 578 1657 700 1724; x_wconf 89' lang='lat' dir='ltr'>Rufini</span> <span class='ocrx_word' id='word_1_71' title='bbox 734 1682 853 1726; x_wconf 89' lang='lat' dir='ltr'>versus</span> <span class='ocrx_word' id='word_1_72' title='bbox 876 1662 1193 1746; x_wconf 83' lang='lat' dir='ltr'>perscrutabimur</span> <span class='ocrx_word' id='word_1_73' title='bbox 1213 1663 1301 1728; x_wconf 91' lang='lat' dir='ltr'>ordi-</span> 
     </span>
     <span class='ocr_line' id='line_1_12' title="bbox 229 1764 1301 1834; baseline 0.007 -7"><span class='ocrx_word' id='word_1_74' title='bbox 229 1785 310 1828; x_wconf 86' lang='lat' dir='ltr'>nem</span> <span class='ocrx_word' id='word_1_75' title='bbox 346 1766 585 1832; x_wconf 87' lang='lat' dir='ltr'>commentarii</span> <span class='ocrx_word' id='word_1_76' title='bbox 608 1764 790 1831; x_wconf 88' lang='lat' dir='ltr'>Rufiniani</span> <span class='ocrx_word' id='word_1_77' title='bbox 825 1769 942 1833; x_wconf 90' lang='lat' dir='ltr'>secuti.</span> <span class='ocrx_word' id='word_1_78' title='bbox 1003 1768 1146 1834; x_wconf 82' lang='lat' dir='ltr'>initium</span> <span class='ocrx_word' id='word_1_79' title='bbox 1183 1775 1301 1834; x_wconf 89' lang='lat' dir='ltr'>autem</span> 
     </span>
     <span class='ocr_line' id='line_1_13' title="bbox 228 1869 609 1958; baseline 0.005 -24"><span class='ocrx_word' id='word_1_80' title='bbox 228 1869 361 1937; x_wconf 88' lang='lat' dir='ltr'>faciunt</span> <span class='ocrx_word' id='word_1_81' title='bbox 385 1871 422 1936; x_wconf 94' lang='lat' dir='ltr'>hi</span> <span class='ocrx_word' id='word_1_82' title='bbox 445 1895 477 1958; x_wconf 95' lang='lat' dir='ltr'>p.</span> <span class='ocrx_word' id='word_1_83' title='bbox 504 1874 609 1957; x_wconf 68' lang='lat'>558‚3:</span> 
     </span>
    </p>

    <p class='ocr_par' dir='ltr' id='par_1_4' title="bbox 274 1977 1178 2066">
     <span class='ocr_line' id='line_1_14' title="bbox 274 1977 1178 2066; baseline 0.006 -23"><span class='ocrx_word' id='word_1_84' title='bbox 274 1977 449 2062; x_wconf 85' lang='lat' dir='ltr'>‘Agnoscit</span> <span class='ocrx_word' id='word_1_85' title='bbox 472 1985 623 2045; x_wconf 88' lang='lat' dir='ltr'>metrum</span> <span class='ocrx_word' id='word_1_86' title='bbox 647 1989 828 2066; x_wconf 88' lang='lat' dir='ltr'>servatque</span> <span class='ocrx_word' id='word_1_87' title='bbox 852 1981 1037 2048; x_wconf 81' lang='lat' dir='ltr'>Terentius</span> <span class='ocrx_word' id='word_1_88' title='bbox 1061 1990 1178 2048; x_wconf 85' lang='lat' dir='ltr'>artem.</span> 
     </span>
    </p>

    <p class='ocr_par' dir='ltr' id='par_1_5' title="bbox 273 2086 1221 2174">
     <span class='ocr_line' id='line_1_15' title="bbox 273 2086 1221 2174; baseline 0.006 -25"><span class='ocrx_word' id='word_1_89' title='bbox 273 2107 356 2150; x_wconf 88' lang='lat' dir='ltr'>nam</span> <span class='ocrx_word' id='word_1_90' title='bbox 379 2086 540 2171; x_wconf 87' lang='lat' dir='ltr'>prologos</span> <span class='ocrx_word' id='word_1_91' title='bbox 562 2089 717 2153; x_wconf 85' lang='lat' dir='ltr'>trimetro</span> <span class='ocrx_word' id='word_1_92' title='bbox 742 2089 862 2155; x_wconf 89' lang='lat' dir='ltr'>didicit</span> <span class='ocrx_word' id='word_1_93' title='bbox 886 2110 1095 2174; x_wconf 89' lang='lat' dir='ltr'>componere</span> <span class='ocrx_word' id='word_1_94' title='bbox 1119 2112 1221 2157; x_wconf 87' lang='lat' dir='ltr'>versu</span> 
     </span>
    </p>
   </div>
   <div class='ocr_carea' id='block_1_3' title="bbox 174 2214 1314 4528">
    <p class='ocr_par' dir='ltr' id='par_1_6' title="bbox 226 2214 1314 3248">
     <span class='ocr_line' id='line_1_16' title="bbox 273 2214 1262 2299; baseline 0.006 -25"><span class='ocrx_word' id='word_1_95' title='bbox 273 2232 546 2297; x_wconf 88' lang='lat' dir='ltr'>scaenarumque</span> <span class='ocrx_word' id='word_1_96' title='bbox 571 2220 668 2278; x_wconf 89' lang='lat' dir='ltr'>actus</span> <span class='ocrx_word' id='word_1_97' title='bbox 691 2214 821 2298; x_wconf 90' lang='lat' dir='ltr'>primos</span> <span class='ocrx_word' id='word_1_98' title='bbox 844 2214 933 2299; x_wconf 90' lang='lat' dir='ltr'>pede</span> <span class='ocrx_word' id='word_1_99' title='bbox 962 2214 1102 2280; x_wconf 51' lang='lat' dir='ltr'>claudit&gt;</span> <span class='ocrx_word' id='word_1_100' title='bbox 1116 2214 1262 2295; x_wconf 76' lang='lat' dir='ltr'>eodem’</span> 
     </span>
     <span class='ocr_line' id='line_1_17' title="bbox 228 2319 1299 2405; baseline 0.006 -24"><span class='ocrx_word' id='word_1_101' title='bbox 228 2337 378 2401; x_wconf 89' lang='lat' dir='ltr'>quorum</span> <span class='ocrx_word' id='word_1_102' title='bbox 414 2319 483 2384; x_wconf 93' lang='lat' dir='ltr'>duo</span> <span class='ocrx_word' id='word_1_103' title='bbox 508 2319 622 2385; x_wconf 92' lang='lat' dir='ltr'>ultimi</span> <span class='ocrx_word' id='word_1_104' title='bbox 657 2320 703 2385; x_wconf 90' lang='lat' dir='ltr'>ad</span> <span class='ocrx_word' id='word_1_105' title='bbox 736 2321 841 2387; x_wconf 88' lang='lat' dir='ltr'>verba</span> <span class='ocrx_word' id='word_1_106' title='bbox 869 2319 946 2386; x_wconf 81' lang='lat' dir='ltr'>¹fere</span> <span class='ocrx_word' id='word_1_107' title='bbox 985 2328 1183 2405; x_wconf 88' lang='lat' dir='ltr'>congruunt</span> <span class='ocrx_word' id='word_1_108' title='bbox 1218 2343 1299 2387; x_wconf 91' lang='lat' dir='ltr'>cum</span> 
     </span>
     <span class='ocr_line' id='line_1_18' title="bbox 227 2424 1314 2514; baseline 0.005 -26"><span class='ocrx_word' id='word_1_109' title='bbox 227 2424 394 2490; x_wconf 85' lang='lat' dir='ltr'>Victorini</span> <span class='ocrx_word' id='word_1_110' title='bbox 433 2426 545 2491; x_wconf 89' lang='lat' dir='ltr'>verbis</span> <span class='ocrx_word' id='word_1_111' title='bbox 585 2425 679 2492; x_wconf 88' lang='lat' dir='ltr'>GLK</span> <span class='ocrx_word' id='word_1_112' title='bbox 697 2426 752 2508; x_wconf 80' lang='lat' dir='ltr'>Vr,</span> <span class='ocrx_word' id='word_1_113' title='bbox 777 2450 809 2513; x_wconf 92' lang='lat' dir='ltr'>p.</span> <span class='ocrx_word' id='word_1_114' title='bbox 839 2429 921 2512; x_wconf 72' lang='grc'>78,24</span> <span class='ocrx_word' id='word_1_115' title='bbox 967 2428 1011 2493; x_wconf 93' lang='lat' dir='ltr'>ab</span> <span class='ocrx_word' id='word_1_116' title='bbox 1050 2429 1126 2514; x_wconf 92' lang='lat' dir='ltr'>ipso</span> <span class='ocrx_word' id='word_1_117' title='bbox 1165 2427 1314 2494; x_wconf 90' lang='lat' dir='ltr'>Rufino·</span> 
     </span>
     <span class='ocr_line' id='line_1_19' title="bbox 226 2533 1296 2621; baseline 0.004 -25"><span class='ocrx_word' id='word_1_118' title='bbox 226 2553 258 2616; x_wconf 93' lang='lat' dir='ltr'>p.</span> <span class='ocrx_word' id='word_1_119' title='bbox 285 2533 375 2617; x_wconf 77' lang='grc'>557,4</span> <span class='ocrx_word' id='word_1_120' title='bbox 401 2535 552 2598; x_wconf 85' lang='lat' dir='ltr'>excussis</span> <span class='ocrx_word' id='word_1_121' title='bbox 590 2538 631 2618; x_wconf 85' lang='lat' dir='ltr'>(v.</span> <span class='ocrx_word' id='word_1_122' title='bbox 665 2556 769 2621; x_wconf 93' lang='lat' dir='ltr'>supra</span> <span class='ocrx_word' id='word_1_123' title='bbox 792 2557 824 2621; x_wconf 92' lang='lat' dir='ltr'>p.</span> <span class='ocrx_word' id='word_1_124' title='bbox 852 2537 899 2619; x_wconf 78' lang='grc'>7);</span> <span class='ocrx_word' id='word_1_125' title='bbox 928 2535 1154 2620; x_wconf 79' lang='lat' dir='ltr'>‘prologos</span> <span class='ocrx_word' id='word_1_126' title='bbox 1177 2536 1296 2620; x_wconf 91' lang='lat' dir='ltr'>itaque</span> 
     </span>
     <span class='ocr_line' id='line_1_20' title="bbox 227 2641 1298 2724; baseline 0.004 -21"><span class='ocrx_word' id='word_1_127' title='bbox 227 2647 265 2703; x_wconf 93' lang='lat' dir='ltr'>et</span> <span class='ocrx_word' id='word_1_128' title='bbox 312 2641 551 2724; x_wconf 87' lang='lat' dir='ltr'>primarum</span> <span class='ocrx_word' id='word_1_129' title='bbox 597 2663 854 2707; x_wconf 90' lang='lat' dir='ltr'>scaenarum</span> <span class='ocrx_word' id='word_1_130' title='bbox 908 2650 1033 2708; x_wconf 88' lang='lat' dir='ltr'>actus</span> <span class='ocrx_word' id='word_1_131' title='bbox 1083 2643 1298 2708; x_wconf 90' lang='lat' dir='ltr'>trimetris</span> 
     </span>
     <span class='ocr_line' id='line_1_21' title="bbox 228 2747 1298 2834; baseline 0.004 -23"><span class='ocrx_word' id='word_1_132' title='bbox 228 2747 587 2832; x_wconf 84' lang='lat' dir='ltr'>comprehenderunt‚&#39;</span> <span class='ocrx_word' id='word_1_133' title='bbox 635 2749 697 2814; x_wconf 94' lang='lat' dir='ltr'>ubi</span> <span class='ocrx_word' id='word_1_134' title='bbox 734 2748 933 2815; x_wconf 86' lang='lat' dir='ltr'>Victorinus</span> <span class='ocrx_word' id='word_1_135' title='bbox 980 2751 1148 2814; x_wconf 91' lang='lat' dir='ltr'>continuo</span> <span class='ocrx_word' id='word_1_136' title='bbox 1187 2751 1298 2834; x_wconf 87' lang='lat' dir='ltr'>pergit</span> 
     </span>
     <span class='ocr_line' id='line_1_22' title="bbox 231 2853 1294 2938; baseline 0.003 -20"><span class='ocrx_word' id='word_1_137' title='bbox 231 2853 366 2919; x_wconf 86' lang='lat' dir='ltr'>‘deinde</span> <span class='ocrx_word' id='word_1_138' title='bbox 389 2854 619 2938; x_wconf 84' lang='lat' dir='ltr'>longissimos,</span> <span class='ocrx_word' id='word_1_139' title='bbox 655 2855 692 2920; x_wconf 93' lang='lat' dir='ltr'>id</span> <span class='ocrx_word' id='word_1_140' title='bbox 716 2863 766 2921; x_wconf 93' lang='lat' dir='ltr'>est</span> <span class='ocrx_word' id='word_1_141' title='bbox 789 2862 1016 2934; x_wconf 77' lang='lat' dir='ltr'>tetrametros</span> <span class='ocrx_word' id='word_1_142' title='bbox 1043 2855 1294 2922; x_wconf 82' lang='lat' dir='ltr'>subdiderunt’</span> 
     </span>
     <span class='ocr_line' id='line_1_23' title="bbox 230 2959 1295 3048; baseline 0.002 -23"><span class='ocrx_word' id='word_1_143' title='bbox 230 2959 366 3040; x_wconf 79' lang='lat' dir='ltr'>Quibus</span> <span class='ocrx_word' id='word_1_144' title='bbox 391 2983 471 3026; x_wconf 90' lang='lat' dir='ltr'>cum</span> <span class='ocrx_word' id='word_1_145' title='bbox 483 2963 596 3028; x_wconf 89' lang='lat' dir='ltr'>verbis</span> <span class='ocrx_word' id='word_1_146' title='bbox 620 2985 739 3028; x_wconf 89' lang='lat' dir='ltr'>versus</span> <span class='ocrx_word' id='word_1_147' title='bbox 755 2961 877 3028; x_wconf 80' lang='lat' dir='ltr'>Rufini</span> <span class='ocrx_word' id='word_1_148' title='bbox 901 2963 1104 3048; x_wconf 89' lang='lat' dir='ltr'>aprioribus</span> <span class='ocrx_word' id='word_1_149' title='bbox 1118 2963 1295 3028; x_wconf 90' lang='lat' dir='ltr'>seiunctus</span> 
     </span>
     <span class='ocr_line' id='line_1_24' title="bbox 230 3067 1296 3155; baseline 0.003 -24"><span class='ocrx_word' id='word_1_150' title='bbox 230 3067 395 3153; x_wconf 87' lang='lat' dir='ltr'>exemplis</span> <span class='ocrx_word' id='word_1_151' title='bbox 419 3068 485 3134; x_wconf 91' lang='lat' dir='ltr'>illis</span> <span class='ocrx_word' id='word_1_152' title='bbox 508 3069 659 3135; x_wconf 86' lang='lat' dir='ltr'>Terentii</span> <span class='ocrx_word' id='word_1_153' title='bbox 684 3070 852 3148; x_wconf 79' lang='lat' dir='ltr'>cohaeret,</span> <span class='ocrx_word' id='word_1_154' title='bbox 889 3070 950 3154; x_wconf 89' lang='lat' dir='ltr'>qui</span> <span class='ocrx_word' id='word_1_155' title='bbox 972 3091 1005 3155; x_wconf 89' lang='lat' dir='ltr'>p.</span> <span class='ocrx_word' id='word_1_156' title='bbox 1031 3070 1135 3154; x_wconf 64' lang='lat'><strong>558‚17</strong></span> <span class='ocrx_word' id='word_1_157' title='bbox 1171 3068 1296 3152; x_wconf 86' lang='lat' dir='ltr'>legitur</span> 
     </span>
     <span class='ocr_line' id='line_1_25' title="bbox 228 3175 557 3248; baseline 0 -8"><span class='ocrx_word' id='word_1_158' title='bbox 228 3175 294 3240; x_wconf 93' lang='lat' dir='ltr'>hoc</span> <span class='ocrx_word' id='word_1_159' title='bbox 318 3176 437 3240; x_wconf 90' lang='lat' dir='ltr'>modo:</span> <span class='ocrx_word' id='word_1_160' title='bbox 555 3243 557 3248; x_wconf 74' lang='grc'>,</span> 
     </span>
    </p>

    <p class='ocr_par' dir='ltr' id='par_1_7' title="bbox 174 3282 1296 4438">
     <span class='ocr_line' id='line_1_26' title="bbox 274 3282 1261 3369; baseline -0.001 -22"><span class='ocrx_word' id='word_1_161' title='bbox 274 3288 499 3348; x_wconf 81' lang='lat' dir='ltr'>‘tetrametros</span> <span class='ocrx_word' id='word_1_162' title='bbox 524 3284 689 3369; x_wconf 83' lang='lat' dir='ltr'>sequitur,</span> <span class='ocrx_word' id='word_1_163' title='bbox 714 3305 820 3368; x_wconf 96' lang='lat' dir='ltr'>quem</span> <span class='ocrx_word' id='word_1_164' title='bbox 843 3282 992 3348; x_wconf 86' lang='lat' dir='ltr'>finxerat</span> <span class='ocrx_word' id='word_1_165' title='bbox 1014 3283 1071 3347; x_wconf 93' lang='lat' dir='ltr'>illc</span> <span class='ocrx_word' id='word_1_166' title='bbox 1096 3283 1261 3356; x_wconf 82' lang='lat' dir='ltr'>Boiscus,’</span> 
     </span>
     <span class='ocr_line' id='line_1_27' title="bbox 227 3389 1295 3475; baseline 0.001 -22"><span class='ocrx_word' id='word_1_167' title='bbox 227 3391 317 3474; x_wconf 85' lang='lat' dir='ltr'>Ergo</span> <span class='ocrx_word' id='word_1_168' title='bbox 342 3391 463 3454; x_wconf 88' lang='lat' dir='ltr'>seriem</span> <span class='ocrx_word' id='word_1_169' title='bbox 489 3398 654 3475; x_wconf 89' lang='lat' dir='ltr'>quattuor</span> <span class='ocrx_word' id='word_1_170' title='bbox 668 3412 833 3457; x_wconf 85' lang='lat' dir='ltr'>versuum</span> <span class='ocrx_word' id='word_1_171' title='bbox 855 3391 947 3455; x_wconf 88' lang='lat' dir='ltr'>inter</span> <span class='ocrx_word' id='word_1_172' title='bbox 971 3411 1007 3454; x_wconf 87' lang='lat' dir='ltr'>se</span> <span class='ocrx_word' id='word_1_173' title='bbox 1025 3389 1295 3469; x_wconf 89' lang='lat' dir='ltr'>cohaerentium,</span> 
     </span>
     <span class='ocr_line' id='line_1_28' title="bbox 228 3495 1296 3582; baseline 0 -21"><span class='ocrx_word' id='word_1_174' title='bbox 228 3518 317 3581; x_wconf 90' lang='lat' dir='ltr'>quae</span> <span class='ocrx_word' id='word_1_175' title='bbox 342 3497 561 3563; x_wconf 90' lang='lat' dir='ltr'>cohaerentia</span> <span class='ocrx_word' id='word_1_176' title='bbox 591 3497 815 3582; x_wconf 91' lang='lat' dir='ltr'>comprobata</span> <span class='ocrx_word' id='word_1_177' title='bbox 851 3504 902 3562; x_wconf 90' lang='lat' dir='ltr'>est</span> <span class='ocrx_word' id='word_1_178' title='bbox 936 3496 1050 3561; x_wconf 91' lang='lat' dir='ltr'>verbis</span> <span class='ocrx_word' id='word_1_179' title='bbox 1073 3495 1241 3562; x_wconf 88' lang='lat' dir='ltr'>Victorini</span> <span class='ocrx_word' id='word_1_180' title='bbox 1275 3518 1296 3561; x_wconf 93' lang='lat' dir='ltr'>a</span> 
     </span>
     <span class='ocr_line' id='line_1_29' title="bbox 226 3601 1294 3690; baseline -0.001 -22"><span class='ocrx_word' id='word_1_181' title='bbox 226 3601 357 3668; x_wconf 92' lang='lat' dir='ltr'>Rufino</span> <span class='ocrx_word' id='word_1_182' title='bbox 381 3601 401 3668; x_wconf 93' lang='lat' dir='ltr'>l.</span> <span class='ocrx_word' id='word_1_183' title='bbox 428 3626 454 3669; x_wconf 91' lang='lat' dir='ltr'>c.</span> <span class='ocrx_word' id='word_1_184' title='bbox 481 3604 668 3690; x_wconf 70' lang='lat' dir='ltr'>descriptis</span> <span class='ocrx_word' id='word_1_185' title='bbox 695 3604 860 3690; x_wconf 89' lang='lat' dir='ltr'>exemplis</span> <span class='ocrx_word' id='word_1_186' title='bbox 884 3625 1050 3669; x_wconf 83' lang='lat' dir='ltr'>versuum</span> <span class='ocrx_word' id='word_1_187' title='bbox 1073 3603 1294 3674; x_wconf 89' lang='lat' dir='ltr'>Terentiano-</span> 
     </span>
     <span class='ocr_line' id='line_1_30' title="bbox 225 3709 1294 3796; baseline 0 -21"><span class='ocrx_word' id='word_1_188' title='bbox 225 3732 304 3775; x_wconf 89' lang='lat' dir='ltr'>rum</span> <span class='ocrx_word' id='word_1_189' title='bbox 329 3711 558 3776; x_wconf 88' lang='lat' dir='ltr'>disturbatam</span> <span class='ocrx_word' id='word_1_190' title='bbox 583 3734 656 3777; x_wconf 90' lang='lat' dir='ltr'>esse</span> <span class='ocrx_word' id='word_1_191' title='bbox 692 3718 846 3796; x_wconf 85' lang='lat' dir='ltr'>apparet.</span> <span class='ocrx_word' id='word_1_192' title='bbox 909 3711 976 3776; x_wconf 84' lang='lat' dir='ltr'>Sed</span> <span class='ocrx_word' id='word_1_193' title='bbox 1000 3709 1152 3777; x_wconf 90' lang='lat' dir='ltr'>Rufinus</span> <span class='ocrx_word' id='word_1_194' title='bbox 1176 3711 1294 3775; x_wconf 91' lang='lat' dir='ltr'>inven-</span> 
     </span>
     <span class='ocr_line' id='line_1_31' title="bbox 174 3808 1296 3905; baseline -0.002 -22"><span class='ocrx_word' id='word_1_195' title='bbox 174 3812 180 3832; x_wconf 83' lang='lat'>&#39;</span> <span class='ocrx_word' id='word_1_196' title='bbox 225 3826 336 3883; x_wconf 91' lang='lat' dir='ltr'>torem</span> <span class='ocrx_word' id='word_1_197' title='bbox 359 3840 478 3884; x_wconf 90' lang='lat' dir='ltr'>versus</span> <span class='ocrx_word' id='word_1_198' title='bbox 502 3820 692 3884; x_wconf 90' lang='lat' dir='ltr'>tetrametri</span> <span class='ocrx_word' id='word_1_199' title='bbox 714 3820 883 3897; x_wconf 78' lang='lat' dir='ltr'>nominat,</span> <span class='ocrx_word' id='word_1_200' title='bbox 924 3820 1023 3905; x_wconf 86' lang='lat' dir='ltr'>cuius</span> <span class='ocrx_word' id='word_1_201' title='bbox 1046 3808 1296 3890; x_wconf 83' lang='lat' dir='ltr'>memoriama</span> 
     </span>
     <span class='ocr_line' id='line_1_32' title="bbox 225 3922 1295 4015; baseline -0.003 -25"><span class='ocrx_word' id='word_1_202' title='bbox 225 3926 313 3991; x_wconf 89' lang='lat' dir='ltr'>luba</span> <span class='ocrx_word' id='word_1_203' title='bbox 335 3926 497 4012; x_wconf 85' lang='lat' dir='ltr'>petivisse</span> <span class='ocrx_word' id='word_1_204' title='bbox 533 3947 613 3991; x_wconf 90' lang='lat' dir='ltr'>eum</span> <span class='ocrx_word' id='word_1_205' title='bbox 626 4007 628 4015; x_wconf 13' lang='lat' dir='ltr'>k</span> <span class='ocrx_word' id='word_1_206' title='bbox 641 3926 775 3992; x_wconf 86' lang='lat' dir='ltr'>Keilius</span> <span class='ocrx_word' id='word_1_207' title='bbox 811 3927 984 4009; x_wconf 85' lang='lat' dir='ltr'>cognovit,</span> <span class='ocrx_word' id='word_1_208' title='bbox 1020 3925 1128 4009; x_wconf 89' lang='lat' dir='ltr'>Iubae</span> <span class='ocrx_word' id='word_1_209' title='bbox 1163 3922 1239 3988; x_wconf 92' lang='lat' dir='ltr'>loco</span> <span class='ocrx_word' id='word_1_210' title='bbox 1275 3945 1295 3987; x_wconf 93' lang='lat' dir='ltr'>a</span> 
     </span>
     <span class='ocr_line' id='line_1_33' title="bbox 224 4029 1293 4117; baseline -0.006 -19"><span class='ocrx_word' id='word_1_211' title='bbox 224 4031 355 4098; x_wconf 89' lang='lat' dir='ltr'>Rufino</span> <span class='ocrx_word' id='word_1_212' title='bbox 379 4032 496 4112; x_wconf 74' lang='lat' dir='ltr'>relatu,</span> <span class='ocrx_word' id='word_1_213' title='bbox 521 4033 583 4098; x_wconf 91' lang='lat' dir='ltr'>ubi</span> <span class='ocrx_word' id='word_1_214' title='bbox 607 4035 720 4117; x_wconf 92' lang='lat' dir='ltr'>agitur</span> <span class='ocrx_word' id='word_1_215' title='bbox 742 4033 785 4097; x_wconf 91' lang='lat' dir='ltr'>dc</span> <span class='ocrx_word' id='word_1_216' title='bbox 809 4054 911 4098; x_wconf 88' lang='lat' dir='ltr'>versu</span> <span class='ocrx_word' id='word_1_217' title='bbox 936 4031 1073 4096; x_wconf 90' lang='lat' dir='ltr'>Boiscio</span> <span class='ocrx_word' id='word_1_218' title='bbox 1097 4053 1130 4117; x_wconf 93' lang='lat' dir='ltr'>p.</span> <span class='ocrx_word' id='word_1_219' title='bbox 1149 4029 1293 4114; x_wconf 48' lang='lat' dir='ltr'>odfin-6.</span> 
     </span>
     <span class='ocr_line' id='line_1_34' title="bbox 226 4138 1294 4224; baseline -0.005 -20"><span class='ocrx_word' id='word_1_220' title='bbox 226 4139 294 4204; x_wconf 87' lang='lat' dir='ltr'>Sed</span> <span class='ocrx_word' id='word_1_221' title='bbox 318 4139 560 4205; x_wconf 89' lang='lat' dir='ltr'>adnotandum</span> <span class='ocrx_word' id='word_1_222' title='bbox 589 4149 640 4206; x_wconf 87' lang='lat' dir='ltr'>est</span> <span class='ocrx_word' id='word_1_223' title='bbox 664 4138 834 4205; x_wconf 89' lang='lat' dir='ltr'>Rufinum</span> <span class='ocrx_word' id='word_1_224' title='bbox 865 4138 956 4203; x_wconf 88' lang='lat' dir='ltr'>male</span> <span class='ocrx_word' id='word_1_225' title='bbox 980 4138 1195 4224; x_wconf 88' lang='lat' dir='ltr'>perspexisse</span> <span class='ocrx_word' id='word_1_226' title='bbox 1220 4157 1294 4200; x_wconf 90' lang='lat' dir='ltr'>scn-</span> 
     </span>
     <span class='ocr_line' id='line_1_35' title="bbox 225 4243 1294 4332; baseline -0.005 -21"><span class='ocrx_word' id='word_1_227' title='bbox 225 4268 303 4311; x_wconf 88' lang='lat' dir='ltr'>sum</span> <span class='ocrx_word' id='word_1_228' title='bbox 326 4246 418 4312; x_wconf 90' lang='lat' dir='ltr'>illius</span> <span class='ocrx_word' id='word_1_229' title='bbox 446 4247 553 4312; x_wconf 87' lang='lat' dir='ltr'>lubae</span> <span class='ocrx_word' id='word_1_230' title='bbox 576 4246 652 4326; x_wconf 82' lang='lat' dir='ltr'>loci,</span> <span class='ocrx_word' id='word_1_231' title='bbox 689 4248 751 4332; x_wconf 89' lang='lat' dir='ltr'>qui</span> <span class='ocrx_word' id='word_1_232' title='bbox 786 4247 828 4311; x_wconf 90' lang='lat' dir='ltr'>de</span> <span class='ocrx_word' id='word_1_233' title='bbox 854 4251 1043 4311; x_wconf 90' lang='lat' dir='ltr'>octametro</span> <span class='ocrx_word' id='word_1_234' title='bbox 1067 4243 1217 4309; x_wconf 89' lang='lat' dir='ltr'>iambico</span> <span class='ocrx_word' id='word_1_235' title='bbox 1242 4263 1294 4307; x_wconf 93' lang='lat' dir='ltr'>ca-</span> 
     </span>
     <span class='ocr_line' id='line_1_36' title="bbox 223 4348 1292 4438; baseline -0.007 -19"><span class='ocrx_word' id='word_1_236' title='bbox 223 4353 381 4420; x_wconf 89' lang='lat' dir='ltr'>talectico</span> <span class='ocrx_word' id='word_1_237' title='bbox 417 4355 487 4438; x_wconf 90' lang='lat' dir='ltr'>agit</span> <span class='ocrx_word' id='word_1_238' title='bbox 522 4356 715 4419; x_wconf 88' lang='lat' dir='ltr'>accuratius</span> <span class='ocrx_word' id='word_1_239' title='bbox 749 4355 795 4418; x_wconf 76' lang='lat' dir='ltr'>in·</span> <span class='ocrx_word' id='word_1_240' title='bbox 809 4353 981 4419; x_wconf 88' lang='lat' dir='ltr'>Victorini</span> <span class='ocrx_word' id='word_1_241' title='bbox 1016 4359 1088 4417; x_wconf 85' lang='lat' dir='ltr'>arte</span> <span class='ocrx_word' id='word_1_242' title='bbox 1124 4348 1219 4415; x_wconf 90' lang='lat' dir='ltr'>GLK</span> <span class='ocrx_word' id='word_1_243' title='bbox 1235 4349 1292 4428; x_wconf 84' lang='lat' dir='ltr'>Vl,</span> 
     </span>
    </p>

    <p class='ocr_par' dir='ltr' id='par_1_8' title="bbox 1100 4475 1132 4528">
     <span class='ocr_line' id='line_1_37' title="bbox 1100 4475 1132 4528; baseline 0 -24"><span class='ocrx_word' id='word_1_244' title='bbox 1100 4475 1132 4528; x_wconf 63' lang='grc'>4*</span> 
     </span>
    </p>
   </div>
   <div class='ocr_carea' id='block_1_4' title="bbox 0 0 1620 5052">
    <p class='ocr_par' dir='ltr' id='par_1_9' title="bbox 0 0 1620 5052">
     <span class='ocr_line' id='line_1_38' title="bbox 0 0 1620 5052; baseline 0 3"><span class='ocrx_word' id='word_1_245' title='bbox 0 0 1620 5052; x_wconf 95' lang='lat' dir='ltr'> </span> 
     </span>
    </p>
   </div>
  </div>
 </body>
</html>
