3230 5052
727 481 906 543 „24...

289 659 387 722 cuins
422 666 490 723 tres
525 680 644 723 versus
678 680 793 723 rerum
816 658 1055 724 Romanarum
1084 658 1099 722 Ι
1135 659 1353 724 aPrisciano

288 763 347 829 GL
360 765 393 829 ΙΙ
415 787 448 850 p.
474 765 548 844 304,
562 809 591 850 20
616 766 775 850 exscripti
799 772 890 843 sunt,
915 772 1035 830 nostro
1059 766 1284 849 grammatico
1300 789 1354 831 res

288 893 361 936 non
385 879 445 936 est.

395 978 626 1043 Arruntius
650 978 798 1044 Celsus
823 1001 864 1043 ex
885 978 1061 1058 Prisciani,
1087 978 1241 1059 Charisii,
1267 978 1353 1045 Con·

288 1087 390 1151 sentii
414 1085 545 1150 artibus
569 1085 670 1151 nobis
693 1093 798 1150 notus
823 1092 882 1150 est.
944 1086 986 1150 ln
1011 1085 1156 1151 Charisii
1180 1094 1251 1152 arte
1275 1108 1352 1172 pag.

289 1193 422 1276 207,{3;
447 1193 565 1276 21233
591 1192 665 1272 213,
679 1214 724 1276 133
750 1193 824 1272 214,
838 1214 868 1276 4;
894 1193 1012 1278 222,30
1047 1193 1114 1258 loci
1139 1215 1181 1257 ex
1204 1194 1356 1258 Terentii

288 1300 497 1365 Phormione
533 1300 668 1364 excussi
703 1307 784 1364 sunt
820 1321 899 1364 cum
935 1300 1220 1365 adnotationibus
1256 1300 1353 1366 Celsi.

290 1406 403 1472 Semel
426 1429 458 1491 p.
485 1406 559 1486 223,
574 1451 599 1490 Π
626 1406 714 1471 Celsi
738 1407 920 1492 explicatio
946 1407 991 1471 ad
1014 1407 1190 1492 Hecyram
1219 1407 1353 1491 legitur.

290 1514 358 1579 Sed
392 1514 497 1579 verba
522 1514 588 1578 ‘hic
624 1514 779 1579 viciniae'
816 1536 836 1578 a
872 1512 972 1578 Celso
1009 1514 1181 1579 declarata
1216 1535 1289 1579 non
1319 1515 1356 1578 in

289 1621 434 1706 Hecyra,
461 1621 581 1686 sedin
605 1620 814 1685 Phormione
838 1620 880 1685 95
904 1621 1141 1701 inveniuntur,
1172 1629 1211 1686 ut
1235 1642 1356 1686 omnes

289 1711 444 1794 Arruntii
468 1728 711 1794 adnotationes
735 1728 780 1792 ad
795 1727 1043 1792 Phormionem
1068 1729 1273 1813 pertineant.
1300 1726 1354 1812 (1.

198 1847 201 1852 ’
290 1834 378 1901 Keil.
404 1835 505 1901 adh
530 1834 566 1913 l.)
623 1836 667 1900 Et
691 1841 822 1899 certum
858 1841 909 1899 est
933 1834 1072 1899 Celsum
1108 1834 1258 1900 eundem
1283 1857 1356 1900 esse

290 1951 395 2028 atquc
419 1942 624 2007 Arruntium
648 1941 795 2020 Celsum,
821 1963 904 2006 nam
927 1963 959 2026 p.
986 1942 1060 2019 213,
1074 1986 1102 2025 ,⁸
1127 1949 1161 2006 et
1183 1964 1216 2028 p.
1240 1942 1314 2021 222,
1328 1986 1357 2026 30

289 2050 394 2135 pleno
429 2050 571 2114 nomine
595 2047 750 2112 Arruntii
780 2048 868 2112 Celsi
893 2049 1017 2113 citatus
1043 2055 1103 2127 est,
1139 2048 1201 2113 ubi
1230 2048 1357 2113 similes

291 2157 336 2222 ad
371 2156 618 2220 Phormionem
657 2155 899 2221 adnotationes
935 2155 1097 2240 exscripti
1136 2162 1217 2220 sunt
1253 2163 1357 2240 atque

292 2265 412 2328 ceteris
435 2264 528 2328 locis
589 2262 733 2328 Charisii
757 2269 875 2328 autem
909 2283 988 2348 pars
1022 2284 1055 2348 p.
1083 2249 1304 2346 190,',-224,
1318 2307 1357 2346 22,

291 2373 328 2435 in
353 2393 423 2455 qua
447 2370 585 2436 Celsum
620 2371 843 2435 nominatum
877 2370 1086 2449 invenimus,
1123 2376 1197 2434 tota
1227 2391 1269 2434 ex
1292 2369 1357 2433 Ro·

292 2479 388 2543 mani
413 2485 483 2542 arte
507 2476 619 2555 fluxit,
645 2475 698 2559 (cl.
723 2476 819 2562 Jeep,
844 2476 864 2541 l.
890 2476 910 2540 l.
936 2498 968 2561 p.
995 2477 1038 2559 8),
1075 2497 1145 2560 qua
1176 2497 1276 2541 exre
1300 2497 1357 2562 pa-

292 2591 341 2649 tet
366 2606 446 2648 cum
471 2590 550 2649 ante
573 2582 708 2648 Julium
732 2584 931 2648 Romanum
955 2581 1071 2647 fuisse.

401 2689 469 2754 Sed
496 2711 672 2774 nusquam
706 2696 800 2755 totus
824 2689 976 2755 Terentii
1010 2712 1129 2755 versus
1165 2712 1245 2755 cum
1270 2689 1359 2755 Celsi

294 2798 521 2883 explicatione
547 2797 737 2883 descriptus
762 2805 821 2862 est.
869 2796 1034 2863 Attamen
1059 2819 1275 2883 quamquam
1298 2797 1358 2861 Ar-

293 2906 430 2971 runtius
455 2905 720 2971 commentarios
743 2906 781 2969 in
804 2905 967 2970 Plautum
992 2912 1026 2969 et
1049 2904 1251 2969 Terentium
1286 2925 1359 2969 non

295 3013 499 3098 composuit,
537 3012 673 3096 quade
708 3034 743 3076 re
774 3011 891 3077 videas
915 3010 1055 3076 Ritschl.
1081 3011 1214 3095 Parerg.
1241 3012 1257 3076 I
1280 3033 1357 3098 pag.

295 3120 358 3184 367
385 3142 444 3204 sq,
482 3118 568 3182 nihil
592 3126 644 3183 est
668 3116 763 3203 quod
787 3118 988 3183 dubitemus
1024 3119 1066 3183 de
1090 3117 1212 3182 Rufini
1246 3119 1385 3184 verbis·

295 3226 433 3291 Celsum
458 3227 632 3290 censuisse
656 3225 807 3290 Terentii
830 3224 966 3290 fabulas
994 3226 1111 3290 metris
1151 3227 1359 3311 compositas

295 3356 377 3398 esse.
439 3334 560 3418 Neque
594 3333 708 3398 Julius
732 3333 912 3398 Romanus
947 3355 1028 3398 eum
1063 3334 1136 3398 sine
1172 3341 1255 3397 nota
1280 3333 1359 3398 cita-

294 3442 406 3520 visset,
444 3443 472 3506 si
499 3442 724 3507 Terentianae
759 3439 895 3506 fabulas
932 3462 1090 3505 sermone
1126 3439 1239 3504 soluto
1276 3441 1359 3504 ‘sine

294 3552 466 3612 mensura'
492 3571 565 3613 esse
590 3549 789 3633 putavisset.

399 3655 513 3720 Etiam
538 3654 750 3719 Helenius
774 3653 940 3720 aRuiino
965 3653 1155 3719 adnotatur
1177 3654 1267 3718 inter
1290 3676 1358 3732 cos,

293 3762 353 3846 qui
376 3783 577 3826 mensuram
600 3762 637 3825 in
661 3759 788 3826 fabulis
812 3761 928 3826 latinis
953 3783 1027 3825 osse
1051 3759 1266 3826 iudicabant.
1292 3760 1359 3826 Sci-

292 3890 370 3933 mus
395 3890 437 3933 ex
461 3867 641 3951 Charisiol)
665 3868 854 3933 Helenium
881 3867 1055 3932 Acronem
1080 3868 1242 3933 —hunc
1267 3869 1360 3932 onim

291 3975 391 4040 illum
414 3975 603 4040 Heleniurn
639 3997 711 4039 esse
746 3981 842 4060 patet
865 4013 908 4020 —
933 3976 1200 4040 commentarios
1238 3975 1275 4039 in
1299 3975 1359 4038 Te-

401 4226 428 4294 1)
449 4227 550 4291 Locos,
571 4226 622 4291 qui
636 4225 693 4277 huc
708 4225 864 4291 pertinent,
886 4224 965 4291 apud
978 4224 1168 4292 Froehdium,
1183 4224 1220 4277 de
1234 4225 1265 4278 C.
1279 4225 1360 4276 Julio

294 4317 428 4368 Romano
449 4321 568 4368 auctore
589 4313 657 4367 1892
677 4331 704 4380 p.
724 4313 776 4366 (542
796 4330 837 4379 sq.
858 4315 947 4378 legas.
