3230 5052
746 487 923 552 „60-

302 667 461 753 exempla
496 667 583 752 quin
619 666 662 731 ab
698 668 774 751 ipso
798 664 930 730 Rufino
966 664 1090 731 collata
1122 665 1199 743 sint,
1236 685 1306 750 per
1330 687 1369 730 se

302 795 375 839 non
398 774 579 852 habemus,
606 795 666 838 cur
691 772 901 837 dubitemus.
949 771 1149 837 Mirandum
1173 778 1292 836 autem
1308 779 1368 850 est,

303 881 399 966 quod
433 879 585 946 Rufinus
625 879 783 965 exempla
821 879 975 965 prosarie
1014 880 1169 944 oratione
1208 878 1369 958 inducat,

303 1009 373 1072 qua
407 1009 527 1053 versus
561 987 754 1053 identidem
788 987 1018 1072 interrumpit.
1077 985 1209 1050 Dixerit
1245 985 1370 1071 aliquis

303 1093 525 1159 conclusione
560 1095 683 1180 prioris
717 1095 824 1180 partis
860 1093 1100 1159 commentarii
1122 1114 1199 1178 pag.
1226 1092 1300 1172 565,
1317 1137 1370 1176 Η

303 1205 516 1296 (mensuram
541 1222 614 1266 esse
637 1201 674 1264 in
698 1199 886 1266 fabulis-
906 1222 1053 1266 munere
1075 1199 1221 1285 pulchra
1244 1199 1369 1282 libens)

302 1306 474 1374 Rufinum
510 1329 648 1372 carmen
684 1328 787 1372 suum
822 1309 974 1392 proseria
1010 1309 1164 1372 oratione
1194 1306 1369 1372 diremisse

303 1415 541 1493 demonstrari,
568 1436 675 1500 quara
699 1413 900 1479 mirandum
923 1434 996 1479 11011
1020 1421 1109 1480 00001
1133 1414 1291 1499 exemplo
1319 1435 1369 1479 so-

302 1522 377 1587 luto
402 1542 560 1587 sermone
583 1521 727 1586 inducta
752 1543 834 1586 esse.
888 1520 956 1586 Sed
979 1521 1045 1586 hoe
1073 1542 1145 1586 non
1168 1529 1259 1586 recte
1282 1520 1369 1586 iudi-

304 1635 421 1694 catum
460 1636 519 1696 est.
582 1629 673 1694 Nam
711 1627 881 1714 particule
918 1629 984 1693 ista
1022 1629 1175 1714 prosario
1215 1629 1370 1694 oratione

303 1736 429 1821 scripta
453 1737 490 1800 in
514 1734 585 1801 fine
608 1743 780 1821 tanquam
804 1725 1050 1819 argumentum
1074 1742 1134 1813 est,
1172 1735 1268 1820 quod
1292 1735 1369 1800 sub-

303 1843 487 1928 scriptione
513 1843 663 1908 duorum
697 1864 862 1908 versuum
886 1841 1067 1919 clauditur,
1101 1843 1161 1927 qui
1197 1863 1277 1906 cum
1302 1863 1369 1907 car-

304 1950 397 2016 mine
432 1971 504 2014 non
541 1950 734 2015 cohaerent.
795 1949 891 2030 Quae
915 1971 969 2014 res
993 1970 1033 2014 eo
1062 1949 1237 2033 probatur,
1275 1948 1371 2034 quod

303 2078 425 2122 omnes
448 2058 570 2142 prioris
595 2058 755 2122 carminis
778 2078 898 2121 versus
917 2057 1104 2120 memoriae
1127 2055 1246 2120 traditi
1268 2055 1370 2120 hexa-

303 2164 404 2230 metri
428 2170 510 2228 sunt
534 2163 702 2250 dactylici,
729 2162 790 2228 sed
814 2163 1021 2249 subscriptio
1050 2162 1232 2227 distichon.
1280 2163 1370 2246 ffigo

303 2270 363 2335 1110
386 2269 492 2334 modo
516 2293 636 2336 versus
660 2271 774 2336 soluto
799 2291 956 2335 sermone
991 2271 1175 2355 interrupti
1209 2291 1283 2335 11011
1318 2291 1371 2335 ex-

305 2384 479 2442 cusantur.

412 2483 481 2559 Sed
503 2485 574 2548 iam
598 2484 783 2569 quaeritur,
810 2484 923 2548 unde
947 2481 1099 2549 Rufinus
1124 2483 1281 2569 exempla
1306 2484 1372 2549 sibi

305 2592 498 2676 sumpserit,
524 2598 642 2655 utrum
667 2589 839 2674 collegerit
873 2590 932 2656 1110
967 2613 1009 2656 ex
1031 2592 1115 2676 ipsis
1139 2590 1290 2656 Terentii
1324 2589 1371 2656 fa-

304 2696 395 2763 bulis
431 2719 476 2762 an
512 2719 555 2763 ex
579 2697 645 2763 alio
680 2699 729 2762 rei
753 2699 915 2763 metricae
940 2699 1112 2784 scriptore.
1161 2697 1275 2783 Atque
1306 2699 1371 2784 pri-

304 2827 402 2869 mum
426 2804 569 2889 quidem
605 2805 681 2870 dico
717 2805 839 2871 eadem
863 2807 1008 2872 trimetri
1043 2813 1076 2871 01
1099 2807 1289 2871 101101110111
1317 2828 1371 2870 ex-

303 2912 426 2996 empla,
464 2934 553 2997 quae
588 2914 625 2978 in
659 2911 781 2977 Rufini
815 2915 1063 2979 commentario
1110 2935 1142 2998 p.
1180 2913 1283 2997 558,11
1322 2935 1370 2998 sq.

304 3020 408 3084 etiam
432 3020 469 3083 in
493 3020 659 3084 Prisciani
695 3020 737 3084 de
761 3023 879 3085 metris
903 3021 1055 3086 Terentii
1088 3021 1176 3086 libro
1206 3019 1301 3086 GLK
1313 3021 1371 3100 lll,

304 3148 334 3210 p.
361 3126 478 3210 422,22
515 3148 563 3210 sq.
601 3127 723 3205 inesse,
760 3148 830 3211 qua
853 3149 889 3191 re
919 3128 1053 3193 Keilius
1079 3134 1275 3208 commotus
1311 3135 1372 3207 est,

303 3239 342 3296 ut
378 3230 437 3296 GL
450 3232 498 3298 VI
521 3255 553 3318 p.
581 3233 645 3298 553
682 3235 914 3319 suspicaretur
942 3233 1113 3300 Rufinum
1149 3235 1371 3301 aPn'sciano

304 3341 513 3425 exscriptum
537 3362 620 3407 esse.
668 3339 811 3406 Adiuvit
827 3341 981 3407 Keilium
1005 3344 1119 3421 etiam,
1145 3342 1241 3428 quod
1253 3343 1371 3407 Prisci-

303 3469 391 3512 anus
426 3470 459 3533 p.
484 3447 590 3532 419„,
626 3448 767 3514 eosdem
792 3449 990 3514 Terentiam
1024 3471 1153 3528 versus,
1190 3471 1279 3534 quos
1303 3450 1371 3515 Ru-

303 3552 397 3618 finus
422 3557 571 3620 excussit
598 3578 631 3642 p.
658 3555 773 3639 560,10.
834 3555 947 3637 Quare
973 3556 1244 3636 similitudinem,
1282 3580 1372 3643 quae

303 3661 393 3725 inter
416 3661 584 3726 Prisciani
607 3669 640 3727 et
658 3661 780 3727 Rufini
803 3662 909 3728 libros
934 3671 994 3741 est,
1020 3664 1307 3743 examinabimus,
1333 3673 1372 3730 ut

305 3766 438 3833 eluceat
461 3789 548 3832 num
571 3768 675 3832 Keilii
699 3771 871 3834 sententia
896 3770 1035 3854 probari
1059 3771 1176 3856 possit.

410 3892 605 3958 Priscianus
629 3891 842 3978 praefatione
866 3895 1054 3979 praemissa
1089 3903 1157 3960 tres
1192 3895 1286 3961 locos
1310 3896 1371 3961 Te-

303 4001 461 4080 rentiani,
498 3999 665 4080 Aemonii,
701 4002 809 4067 Iubae
846 3999 955 4081 affert,
986 4024 1076 4087 quos
1099 4003 1234 4069 inducit
1258 4005 1371 4070 verbis

306 4107 494 4193 ι0011011110
518 4109 668 4173 metricis
693 4110 735 4174 de
760 4130 864 4194 supra
889 4109 988 4175 dictis
1013 4112 1138 4196 scrfpta
1154 4117 1370 4197 proponam’.

304 4215 422 4301 Atque·
454 4215 529 4281 fieri
564 4217 728 4300 potuisse,
765 4224 804 4282 ut
827 4218 1023 4283 Priscianus
1048 4216 1169 4283 Rufini
1197 4240 1299 4304 opere
1333 4222 1372 4285 in

305 4324 479 4390 exarando
503 4324 702 4389 Terentiani
736 4323 813 4390 loco
848 4331 1011 4406 uteretur,
1049 4348 1089 4391 ee
1123 4347 1158 4389 re
1194 4327 1371 4411 probatur,

760 4528 980 4647 s*
