3230 5052
683 515 861 577 -41-

233 695 336 760 nobis
371 692 545 772 alteratur,
582 695 619 756 in
643 693 809 758 Macrobii
844 691 955 758 Satur.
981 693 1006 771 Ι,
1032 692 1085 770 24,
1099 736 1126 775 14
1163 712 1182 755 a
1208 689 1303 776 Sym-

234 802 360 867 macho
383 801 596 879 nominatus,
622 801 682 884 qui
707 799 951 885 Symmachus:
991 798 1321 877 ι1111εθ111οθῖιῖθ111,Ι

233 910 363 994 inquit,
401 915 578 972 oratorum
614 906 908 990 eloquentissimo,
945 927 1018 970 non
1053 905 1224 991 praeripio
1261 904 1303 968 de

235 1016 384 1081 oratoria
424 1014 519 1100 apud
558 1014 737 1079 Maronem
776 1021 848 1079 arte
887 1019 1083 1092 tractatum,
1125 1034 1231 1098 quem
1271 1019 1305 1076 et

236 1123 393 1188 doctrina
429 1128 462 1186 θῖ
498 1120 647 1185 docendi
682 1141 750 1185 usu
785 1120 909 1184 melius
945 1123 1173 1203 exsequetur’.
1227 1119 1304 1200 Quo

236 1251 278 1292 ex
313 1229 389 1293 loco
426 1228 537 1292 elucet
572 1248 645 1292 non
672 1227 787 1291 solum
812 1248 893 1291 eum
917 1224 1023 1290 1111εεθ
1046 1227 1160 1291 virum
1185 1226 1304 1291 disser-

234 1337 411 1400 tissimum
451 1333 505 1417 (cl.
545 1333 695 1399 Macrob.
733 1333 801 1398 Sat.
838 1333 911 1412 VH,
952 1333 1055 1416 927),
1101 1332 1162 1397 sed
1201 1333 1305 1398 etiarn

235 1442 427 1507 rhetoricae
451 1441 666 1525 magistrum.
723 1441 867 1506 Etcum
884 1462 918 1504 re
942 1461 1023 1504 vera
1041 1439 1083 1504 de
1108 1445 1179 1504 arte
1195 1439 1306 1503 rheto-

235 1550 305 1613 rica
330 1548 472 1632 Virgilii,
510 1569 727 1634 quamquam
762 1549 871 1613 oratio
907 1547 980 1612 eius
1016 1545 1220 1611 abscondita
1244 1553 1304 1624 θεῖ,

235 1655 393 1720 locutum
430 1677 504 1720 esse
539 1655 772 1738 intellegimus
808 1677 850 1719 ex
884 1653 1033 1719 Macrob.
1072 1652 1139 1718 Sat.
1165 1653 1205 1730 V,
1238 1653 1303 1732 1,11

238 1770 326 1848 ‘post
349 1762 435 1827 hacc
460 1784 539 1827 cunr
563 1762 738 1848 paulisper
761 1761 934 1825 Eusebius
959 1761 1156 1845 quievisset,
1182 1780 1305 1823 omnes

235 1871 325 1934 inter
363 1891 399 1933 se
439 1890 592 1934 consono
632 1890 810 1933 murmure
849 1867 1040 1951 Vergilium
1080 1887 1153 1931 non
1187 1867 1305 1930 minus

236 1985 407 2042 oratorem
432 1998 539 2061 quarn
562 1983 702 2062 poetam
725 1975 931 2040 habendum
955 1974 1242 2059 pronuntiabant,
1268 1975 1305 2038 in

239 2105 309 2167 quo
338 2090 371 2148 θῖ
399 2089 497 2148 tanta
528 2082 650 2148 orandi
686 2082 868 2167 disciplina
903 2089 937 2146 θῖ
970 2089 1043 2146 tarn
1068 2080 1215 2165 diligens
1239 2080 1306 2145 ob-

239 2191 420 2255 servatio
456 2190 687 2255 rhetoricae
723 2191 822 2255 artis
852 2189 1110 2254 ostenderetur'.
1158 2188 1307 2253 Etcum

166 2353 168 2358 ,
239 2297 285 2362 ad
330 2297 608 2362 observationem
654 2297 844 2362 rhetoricae
892 2297 973 2361 artis
1021 2296 1125 2360 etiam
1165 2296 1307 2360 scientia

239 2405 376 2469 numeri
400 2405 539 2469 oratorii
563 2425 651 2490 opus
676 2405 728 2483 sit,
766 2403 1001 2469 dubitandum
1026 2424 1098 2467 non
1123 2411 1182 2481 θεῖ,
1221 2403 1307 2486 quin

238 2511 410 2576 Eusebius
434 2511 490 2576 ille
515 2509 681 2576 aRufino
706 2519 936 2576 enumeretur.
986 2510 1054 2575 Sed
1069 2510 1163 2574 Janii
1188 2509 1307 2594 opinio

238 2619 277 2682 in
323 2617 474 2682 editione
513 2618 680 2683 Macrobii
717 2640 750 2704 p.
787 2618 890 2682 XXX
929 2639 1011 2682 eum
1049 2615 1194 2681 fortasse
1234 2637 1308 2680 θεεθ

240 2724 432 2790 Eusebium
455 2723 731 2790 Alexandrinum
754 2725 937 2803 rhetorem
967 2725 1029 2809 qui
1053 2745 1146 2788 anno
1171 2745 1202 2808 p.
1230 2722 1306 2788 Chr.

241 2833 359 2896 11354
381 2833 480 2896 iussu
503 2832 720 2917 imperatoris
737 2831 828 2896 Galli
852 2833 986 2896 occisus
1004 2838 1064 2910 θεῖ,
1090 2851 1308 2916 quamquam
1390 2849 1392 2852 ·

240 2960 313 3003 non
338 2947 388 3004 θεῖ
411 2938 660 3024 improbabilis,
684 2946 803 3004 tamen
828 2945 919 3003 certa
943 2959 1017 3002 non
1042 2944 1101 3002 est.

348 3063 577 3128 Varronem
602 3084 743 3149 quoque
767 3064 857 3128 inter
880 3045 1040 3128 auctores
1074 3062 1116 3127 de
1155 3062 1309 3126 numeris

242 3177 418 3236 oratorum
442 3171 601 3235 nominat
624 3169 785 3249 Rufinus,
811 3192 1027 3256 quamquam
1055 3169 1143 3234 nihil
1178 3169 1244 3235 sibi
1268 3191 1310 3233 ex

242 3278 376 3363 scriptis
400 3278 474 3342 eius
498 3279 655 3363 sumpsit.
705 3276 774 3342 Sed
809 3299 890 3341 eum
923 3278 987 3342 has
1022 3299 1076 3341 res
1110 3277 1309 3342 tractavisse

241 3384 412 3450 versimile
438 3391 488 3450 cst
513 3406 688 3464 exeam,
714 3384 810 3469 quod
832 3384 1040 3448 Diomedem
1075 3384 1112 3447 in
1148 3404 1188 3447 ea
1212 3389 1309 3467 parte

243 3492 333 3570 artis,
360 3513 449 3576 quae
473 3491 672 3556 inscribitur
686 3491 738 3556 ‘de
763 3491 929 3576 qualitate
943 3493 1154 3567 structurae',
1181 3488 1310 3554 GLKl

242 3621 274 3684 p.
300 3600 375 3677 471,
389 3643 418 3682 30
453 3599 645 3664 Varronem
685 3606 843 3664 secutum
885 3619 958 3663 esse
993 3597 1103 3663 videri
1137 3597 1309 3683 perspexit

242 3705 428 3784 Usenerus‚
455 3705 689 3788 Sitzungsber.
715 3705 775 3769 der
798 3705 830 3769 k.
856 3705 888 3770 b.
914 3703 1025 3770 Akad.
1052 3704 1112 3769 der
1141 3705 1241 3768 Wiss.
1268 3725 1311 3767 zu

243 3812 419 3877 Mtinohen
446 3812 530 3876 1892
570 3834 602 3897 p.
628 3812 692 3877 642
725 3811 803 3878 adn.
830 3813 859 3876 3.
909 3812 972 3878 Cui
1008 3813 1165 3898 opinioni
1203 3809 1311 3876 fidem

244 3918 342 3985 addit
366 3940 407 3984 ea
430 3941 492 3999 res,
518 3918 614 4004 quod
637 3920 674 3982 in
697 3919 756 3984 illo
769 3926 918 3984 tractatu
939 3928 972 3985 θῖ
986 3919 1070 3984 Cato
1084 3926 1117 3984 et
1133 3917 1310 3984 Antonius

244 4033 358 4092 orator
397 4026 616 4112 appellantur
651 4025 705 4109 (ci.
742 4026 892 4104 Norden,
922 4024 1061 4091 'Antike
1091 4026 1311 4111 Kunstprosa

243 4156 275 4219 p.
302 4133 366 4198 929
391 4133 470 4198 adn.
497 4134 539 4217 2).
589 4133 658 4198 Sed
682 4134 859 4218 quaeritur
883 4155 953 4218 quo
989 4133 1177 4218 inscripto
1202 4131 1310 4196 Varro

245 4240 287 4305 de
311 4261 457 4305 numero
482 4241 630 4305 oratorio
655 4241 769 4323 egerit.
818 4240 933 4305 Primo
957 4241 1033 4305 loco
1056 4237 1250 4322 relegamur
1266 4236 1312 4301 ad

245 4349 318 4412 eius
341 4348 591 4412 rhetoricorum
614 4346 720 4413 libros
760 4347 978 4412 aPrisciano
1015 4345 1075 4411 GL
1092 4346 1125 4410 Π
1148 4367 1180 4431 p.
1206 4344 1310 4428 489,2
