3230 5052
761 487 913 549 ,8-

302 663 501 729 fabularum
540 663 741 750 quadratos,
789 663 909 749 quales
949 663 1099 728 diximus
1137 664 1175 727 in
1214 662 1368 728 secunda

303 792 437 848 scaena,
461 771 672 836 locaverunt.
721 770 782 835 sed
804 770 910 834 iidem
928 770 1088 855 quadrati
1107 769 1262 854 legitimi,
1287 791 1368 834 curn
1436 815 1441 824 ·

304 877 454 942 sedecim
478 877 618 962 syllabis
641 878 738 942 iuxta
761 877 815 942 ius
839 878 1017 962 proprium
1034 884 1190 942 constare
1208 876 1368 954 debeant,
1425 924 1427 928 .

304 983 509 1069 plerumque
526 984 752 1049 inveniuntur
767 984 890 1067 viginti
906 991 966 1049 aut
982 984 1131 1070 amplius
1148 984 1368 1069 syllabarum.

305 1090 387 1155 hinc
411 1091 651 1155 existimantur
678 1098 827 1156 metrum
851 1112 923 1155 non
946 1093 1098 1156 tenuisse
1122 1113 1186 1156 neo
1210 1112 1273 1155 sua
1295 1089 1370 1173 lege

307 1197 550 1282 composuisse.
600 1196 695 1282 quod
728 1218 808 1263 vero
833 1198 877 1262 ad
902 1197 1082 1277 clausulas,
1107 1198 1143 1263 id
1167 1205 1218 1262 est
1242 1198 1370 1262 minus-

308 1303 385 1369 cula
421 1303 505 1384 cola,
541 1305 699 1389 pertinet,
731 1312 817 1389 quot
840 1325 966 1388 genera
989 1327 1153 1370 versuum
1179 1312 1270 1384 sunt,
1294 1304 1371 1369 toti·

310 1410 389 1475 dem
413 1411 569 1476 membra
592 1432 655 1496 pro
680 1410 841 1476 clausulis
865 1412 949 1497 poni
972 1418 1120 1496 possunt
1144 1418 1178 1477 et
1202 1410 1313 1476 solent
1335 1410 1372 1474 in

310 1519 451 1583 canticis
490 1518 600 1601 magis
639 1539 746 1602 quam
792 1518 963 1597 diverbiis,
1010 1541 1100 1604 quae
1140 1541 1181 1583 ex
1219 1517 1373 1582 trimetro

310 1625 420 1708 magis
437 1624 639 1704 subsistunt,
666 1625 832 1704 collocari,
850 1633 884 1691 et
899 1626 1083 1711 praecipue
1100 1624 1195 1710 apud
1211 1623 1373 1688 Plautum

312 1738 345 1796 et
368 1731 539 1796 Naevium
563 1738 608 1820 et
631 1730 822 1798 Afranium.
871 1754 953 1798 nam
988 1732 1025 1797 hi
1060 1733 1209 1797 maxime
1238 1753 1280 1795 ex
1303 1751 1374 1794 om-

312 1837 416 1903 nibus
440 1838 604 1903 membris
627 1861 791 1904 versuum
820 1840 902 1904 colis
920 1840 963 1905 ab
980 1839 1034 1904 his
1051 1839 1218 1924 separatis
1234 1838 1376 1902 licenter

314 1945 368 2008 usi
391 1946 609 2029 reperiuntur
632 1946 668 2009 in
693 1946 875 2024 clausulis',
912 1953 946 2012 et
975 1969 1008 2031 p.
1034 1947 1108 2025 557,
1122 1990 1150 2030 19
1176 1944 1278 2009 ‘idem
1301 1943 1376 2008 Vic-

313 2051 447 2114 torinus
471 2052 507 2114 in
539 2052 605 2116 alio
629 2052 704 2117 loco
729 2052 771 2117 de
795 2053 912 2117 iambo
947 2054 994 2118 sic
1019 2051 1111 2132 dicit,
1148 2051 1378 2136 ‘improbatur

315 2164 432 2221 autem
464 2157 559 2242 apud
580 2160 728 2242 tragicos
744 2181 863 2224 versus
887 2182 929 2224 ex
952 2159 1116 2224 omnibus
1138 2158 1263 2224 iambis
1288 2177 1377 2221 com·

314 2264 458 2348 positus.
507 2287 588 2330 nam
624 2288 694 2351 quo
719 2267 762 2332 sit
786 2267 932 2352 amplior
955 2275 989 2333 et
1011 2289 1074 2352 par
1096 2267 1245 2349 tragicae
1270 2263 1378 2348 digni-

313 2371 387 2449 tati,
411 2371 639 2458 interponunt
662 2372 877 2459 frequentius
892 2375 976 2440 locis
993 2374 1174 2439 dumtaxat
1188 2370 1380 2457 imparibus

314 2477 441 2563 pedem
477 2478 726 2565 dactylicorum
760 2504 873 2548 moras
909 2490 943 2548 et
973 2480 1177 2568 spondeum.
1226 2478 1381 2544 similiter

316 2585 411 2670 apud
447 2588 596 2652 comicos
630 2590 742 2654 laxius
777 2592 928 2676 spatium
964 2589 1086 2655 datum
1121 2595 1181 2654 est.
1229 2609 1312 2652 nam
1348 2592 1381 2651 et

316 2691 364 2756 illi
403 2693 492 2772 loca,
534 2717 623 2779 quae
658 2698 795 2782 propria
830 2697 947 2762 iambo
990 2697 1176 2775 debentur,
1219 2693 1381 2780 spondeis

318 2807 490 2886 occupant
526 2802 732 2889 dactyloque
757 2812 791 2870 et
814 2812 1003 2892 anapaesto
1027 2804 1110 2869 locis
1135 2802 1291 2887 adaeque
1317 2799 1381 2865 dis-

318 2906 469 2991 paribus.
531 2910 579 2974 ita
625 2911 711 2975 dum
756 2912 970 2977 cotidianum
1016 2931 1212 2976 sennonem
1256 2907 1381 2972 imitari

319 3014 488 3094 nituntur,
525 3024 632 3081 metra
668 3018 791 3083 vitiant
815 3018 940 3098 studio,
976 3040 1047 3084 non
1070 3017 1251 3102 imperitia,
1289 3012 1384 3099 quod

318 3117 535 3205 frequentius
575 3123 670 3209 apud
712 3132 847 3190 nostros
891 3147 998 3210 quam
1033 3124 1182 3190 Graecos
1217 3122 1382 3187 invenies.

319 3248 445 3310 genera
481 3237 598 3295 autern
632 3232 773 3298 iambici
796 3234 896 3298 metri
925 3241 1006 3298 sunt
1030 3232 1110 3297 duc.
1158 3251 1241 3294 narn
1265 3251 1307 3293 ex
1330 3227 1384 3291 his

320 3333 387 3400 alia
410 3337 553 3418 integra,
579 3339 645 3404 alia
669 3339 802 3420 clauda,
828 3362 917 3425 quae
935 3348 1094 3406 scazonta
1112 3360 1173 3403 seu
1190 3333 1385 3401 choliamba

321 3453 455 3525 vocant,
481 3447 706 3527 inducuntur,
736 3470 887 3534 quorum
911 3446 1145 3513 differentiam
1169 3441 1385 3529 paenultima

320 3575 440 3619 versus
464 3556 595 3640 syllaba
612 3556 872 3622 demonstrabit.
921 3577 1004 3620 nam
1021 3555 1049 3618 si
1065 3553 1178 3618 brevis
1195 3547 1384 3629 contigerit,

322 3665 385 3728 erit
400 3658 541 3729 'rectum
566 3671 599 3729 et
622 3665 797 3748 integrum
820 3662 1011 3729 iambicum
1034 3661 1092 3738 ita,

466 3773 592 3856 vigoris
616 3772 705 3838 adde
731 3771 906 3837 concitum
931 3769 1076 3834 celerem
1099 3765 1242 3853 pedem3

324 3880 377 3944 sin
400 3901 481 3946 vero
505 3879 619 3964 longa,
645 3879 808 3945 delumbe
833 3885 867 3943 et
891 3876 1065 3954 claudum,
1092 3879 1131 3938 ut
1155 3878 1206 3937 est

483 3989 636 4054 nouitate
661 3988 796 4066 ductus
822 4007 894 4051 non
918 3992 957 4050 ut
981 3982 1110 4048 inscius
1133 3979 1226 4062 legis.

323 4097 354 4162 le
389 4098 503 4183 longa,
540 4120 630 4184 quac
664 4095 880 4182 paenultima
914 4091 1097 4177 reperitur,
1133 4093 1284 4152 metrum
1318 4103 1388 4147 cor·

324 4208 463 4293 rumpit.
502 4207 607 4272 huius
635 4210 788 4289 repertor
817 4201 1020 4286 Hipponax:
1057 4217 1140 4260 nani
1174 4212 1237 4278 pro
1271 4187 1390 4255 iambo

325 4315 490 4381 inductus
528 4313 711 4379 trochaeus
750 4317 869 4374 contra
912 4307 1025 4390 legem
1067 4300 1212 4367 trimetri
1250 4295 1391 4362 iambici

751 4620 836 4679 *a
