3230 5052
745 525 923 589 ,36-

299 707 399 774 tertio
424 707 510 771 libro
536 704 702 771 Sacerdos
727 703 770 768 de
805 702 954 788 pedibus
979 703 1051 766 sine
1088 699 1253 785 exemplis
1290 701 1368 783 egit,

299 815 336 881 id
360 812 456 899 quod
479 814 553 898 ipse
578 811 674 877 GLK
685 811 733 876 VI
756 833 789 897 p.
815 810 934 895 498,19
958 806 1110 874 affirmat
1134 808 1228 873 hisee
1255 808 1369 872 verbis

301 921 373 987 ‘sed
397 919 492 985 unde
517 918 697 1004 [trisyllabi
720 917 837 1003 pedes]
862 917 1029 981 traxerint
1059 936 1199 994 nomen,
1237 913 1370 979 docebo

300 1029 374 1092 sine
399 1026 576 1111 exemplis,
601 1026 769 1110 quoniam
793 1025 830 1088 in
854 1024 966 1109 primo
1001 1022 1089 1087 libro
1123 1021 1371 1108 explicabiliter

302 1133 557 1200 demonstrari.

407 1276 530 1360 Itaque
555 1273 651 1360 quod
675 1272 841 1339 Sacerdos
865 1295 897 1359 p.
923 1272 999 1351 492,
1013 1317 1041 1356 95
1066 1272 1109 1337 de
1132 1272 1281 1358 pedibus
1319 1273 1369 1335 in-

302 1383 403 1460 dicat,
441 1389 531 1446 recte
568 1403 603 1446 se
642 1381 758 1460 habet,
799 1380 861 1445 sed
900 1379 997 1465 quod
1031 1379 1166 1444 Probus
1200 1401 1232 1465 p.
1263 1379 1367 1463 4210,

302 1489 405 1555 stulte
429 1488 465 1553 id
490 1489 533 1554 ab
557 1487 617 1552 illo
642 1495 675 1552 θῖ
699 1489 773 1552 sine
797 1488 930 1552 ratione
956 1509 998 1552 ex
1022 1486 1205 1551 Sacerdote
1223 1485 1369 1571 descrip-

300 1605 378 1662 tum
402 1605 462 1661 est.

409 1739 591 1804 Charisii
613 1737 710 1803 locus
735 1759 755 1802 a
779 1735 910 1802 Rufino
935 1744 1095 1802 exaratus
1119 1745 1170 1802 θεῖ
1186 1759 1218 1822 p.
1237 1737 1311 1816 572,
1325 1759 1368 1820 l3:

304 1845 453 1911 ‘Flavius
493 1845 668 1931 Sosipater
707 1844 882 1909 Charisius
923 1844 965 1908 de
1004 1844 1158 1909 numeris
1202 1845 1249 1909 sic
1289 1843 1371 1909 dicit

303 1952 546 2018 ‘Bacchiaeum
569 1960 720 2017 metrum
745 1958 796 2016 est
818 1950 897 2030 tale,

453 2059 632 2138 bacchate,
657 2058 794 2135 laetare,
820 2064 1000 2143 praesente
1024 2057 1208 2123 Frontone.

301 2166 368 2230 hoc
393 2165 479 2230 mihi
503 2164 640 2231 videtur
664 2163 709 2229 ad
724 2184 864 2250 prosam
881 2165 1074 2229 convenire.
1102 2173 1135 2230 et
1152 2186 1235 2229 sane
1252 2164 1371 2229 multis

302 2272 451 2358 pedibus
475 2273 513 2336 in
536 2273 691 2337 oratione
716 2273 856 2350 utimur,
893 2271 972 2336 licet
1000 2271 1095 2337 stulti
1129 2278 1255 2358 putent
1288 2271 1370 2336 libe-

301 2401 380 2444 rum
404 2402 424 2445 a
448 2379 596 2445 vinculis
620 2379 752 2465 pedum
776 2400 972 2443 sermonem
988 2400 1110 2464 prosae
1128 2401 1201 2443 esse
1224 2378 1368 2443 debere'.

411 2522 507 2604 Quae
531 2521 636 2587 verba
661 2543 681 2586 a
704 2519 835 2586 Rufino
861 2520 1031 2607 descripta
1055 2544 1150 2586 nunc
1173 2523 1211 2586 in
1227 2521 1372 2587 Charisii

302 2635 374 2693 arte
412 2650 484 2693 non
506 2628 679 2711 leguntur,
717 2629 885 2711 quoniam
909 2649 990 2692 cum
1018 2629 1092 2693 eius
1128 2629 1222 2694 exitu
1258 2630 1371 2714 capita

304 2734 346 2800 de
370 2757 405 2799 re
429 2736 580 2813 metrica,
621 2733 664 2800 de
689 2756 759 2818 qua
783 2757 803 2800 a
827 2734 981 2800 Charisio
1006 2742 1123 2800 actum
1150 2734 1256 2801 fuisse
1279 2736 1372 2801 tituli

304 2843 428 2907 servati
454 2842 506 2907 ‘de
530 2842 705 2927 rhythmo,
731 2841 774 2907 dc
798 2843 899 2907 metri
922 2841 1186 2922 versificatione,
1219 2841 1261 2907 de
1288 2843 1370 2922 basi,

304 2949 347 3014 de
382 2949 540 3034 pedibus
578 2948 620 3014 de
656 2949 822 3028 versibus,
860 2949 902 3014 de
938 2950 1065 3014 metris'
1102 2947 1197 3014 GLK
1220 2949 1245 3029 I,
1281 2971 1313 3035 p.
1340 2950 1370 3029 6,

303 3055 481 3120 lX-XIV
506 3055 640 3134 docent,
668 3056 871 3121 abscondita
896 3063 986 3121 sunt.
1036 3055 1104 3122 Sed
1133 3063 1266 3123 servata
1291 3063 1372 3122 sunt

303 3160 400 3247 apud
422 3161 628 3226 Diomedem
653 3160 776 3226 GLKI
799 3185 831 3248 p.
858 3163 932 3242 513,
946 3206 1041 3248 29-33,
1077 3185 1192 3248 neque
1224 3163 1371 3228 dubium

303 3288 378 3332 esse
402 3274 526 3353 potest,
563 3269 660 3353 quin,
697 3270 786 3335 sicut
809 3271 880 3336 iam
910 3271 1013 3335 simili
1047 3269 1124 3336 loco
1160 3271 1371 3336 demonstra·

303 3375 428 3456 vimus,
454 3376 558 3440 etiam
582 3376 638 3442 hic
655 3377 842 3460 Diomedes
859 3378 1004 3443 Charisii
1020 3379 1125 3444 verba
1145 3378 1370 3464 descripserit.

303 3480 455 3546 Rufinus
490 3483 595 3566 igitur
617 3484 723 3549 verba
747 3505 852 3570 supra
876 3484 1000 3551 collata
1023 3492 1114 3550 reete
1139 3484 1292 3551 Charisio
1324 3491 1372 3550 at-

304 3587 434 3653 tribuit.

411 3712 627 3780 Diomedis
651 3714 757 3780 verba
781 3737 801 3779 a
824 3713 955 3782 Rufino
981 3716 1151 3802 descripta
1174 3718 1372 3784 invenimus

304 3840 336 3904 p.
363 3818 438 3898 568,
451 3843 499 3904 12:
531 3819 725 3886 ‘Diomedes
750 3823 797 3886 sic
822 3821 904 3886 dicit
938 3823 975 3887 in
998 3821 1086 3888 libro
1110 3823 1142 3888 Π
1173 3825 1253 3890 artis
1278 3845 1370 3904 suae,

306 3925 424 4008 ‘igitur
462 3925 639 4011 spondeus
678 3949 696 3992 θ
740 3927 878 3993 duabus
929 3928 1069 4015 syllabis
1113 3931 1227 4014 longis
1270 3939 1372 4017 aptus

305 4038 356 4096 est
392 4032 565 4113 clausulis,
602 4034 766 4118 qualibus
789 4036 940 4101 maxime
975 4038 1229 4103 Demosthenes
1253 4039 1371 4118 utitur,

305 4143 389 4205 πᾶσι
440 4141 496 4205 καὶ
542 4141 667 4222 πάσαις
713 4143 769 4206 καὶ
815 4146 918 4207 πᾶσιν
968 4144 1058 4227 ὑμῖν.
1114 4144 1221 4210 habet
1279 4147 1372 4210 enim

305 4267 426 4329 graves
462 4267 566 4312 sonos
601 4245 781 4334 finemque
817 4271 940 4315 sensus
976 4257 1010 4316 et
1044 4249 1219 4316 clausulae
1254 4249 1372 4317 lirmas

305 4351 403 4418 sedes
420 4355 608 4435 constituit,
634 4361 673 4420 ut
687 4356 745 4421 ‘rei
757 4355 917 4441 publicae
932 4361 1045 4424 oausa'
1063 4364 1097 4422 et
1110 4366 1215 4422 ‘arma
1229 4359 1371 4443 sumpsi'

275 4575 1163 5026 ¹2.qu
