3230 5052
770 488 945 552 „10-

323 689 444 732 corum
467 667 622 752 loquitur
647 668 734 731 sicut
758 689 788 731 r.
816 665 903 730 2394
927 688 987 751 sq,
1019 665 1146 730 ubido
1172 665 1388 744 antibaccho,

324 781 384 840 aut
407 797 438 839 v.
465 773 551 838 2205
577 795 637 858 sq,
662 773 725 838 ubi
748 772 790 837 de
814 774 968 838 trimetro
992 772 1141 837 iambico
1166 773 1286 856 agitur.

432 879 763 962 ‘Quintilianus
785 880 901 965 inquit
922 878 1074 945 Rufinus
1090 902 1122 966 p.
1142 879 1266 963 551119,
1285 887 1317 944 et
1333 880 1389 944 tri-

322 995 451 1052 metros
487 994 520 1052 et
556 987 709 1052 senarios
732 987 947 1064 nominarit',
984 1007 1090 1071 quam
1126 985 1388 1051 adnotationem

323 1115 440 1160 veram
476 1114 549 1158 esse
585 1091 768 1177 confirmat
793 1092 1028 1174 Quintilianus
1058 1093 1137 1157 inst.
1163 1098 1245 1157 orat.
1272 1091 1331 1171 lX,
1356 1093 1387 1169 4,

324 1201 375 1279 75,
402 1221 471 1286 quo
496 1199 571 1265 loco
588 1201 718 1285 optime
743 1200 927 1266 aChristio
952 1199 1112 1285 suppleto
1136 1200 1330 1264 trimetrum
1356 1207 1387 1263 et

323 1309 498 1373 senarium
534 1309 728 1394 promiscue
765 1306 875 1372 dicere
911 1305 1010 1371 licere
1034 1313 1189 1372 testatur.
1238 1306 1387 1371 Consue-

322 1413 482 1480 tudinem
517 1413 664 1499 duplicis
698 1413 790 1478 illius
814 1435 933 1478 versus
957 1411 1219 1496 significationis
1242 1413 1315 1498 ipse
1339 1414 1387 1477 ita

323 1529 462 1587 secutus
487 1529 546 1600 est,
573 1527 611 1586 ut
635 1519 740 1585 modo
764 1521 959 1585 trimetrum
983 1520 1119 1598 diceret,
1152 1520 1240 1584 sicut
1263 1520 1323 1598 Lx,
1355 1521 1385 1597 4,

323 1629 362 1693 71
390 1629 546 1712 (trimetri
564 1632 707 1711 versus),
726 1629 767 1692 75
785 1627 942 1711 (trimetri
957 1625 1060 1710 linis),
1078 1625 1183 1691 modo
1201 1628 1385 1704 senarium,

322 1735 410 1800 sicut
444 1735 504 1814 IX,
529 1736 559 1813 4,
586 1735 627 1799 73
668 1735 819 1818 (initium
840 1734 993 1812 ,senarii3
1030 1734 1213 1818 praecipue
1249 1734 1386 1816 senarii)

323 1842 385 1906 125
426 1843 581 1925 (senariis
623 1841 792 1925 versibus)
854 1841 917 1905 140
963 1840 1031 1924 (ille
1078 1841 1229 1905 comicus
1276 1862 1385 1925 aeque

321 1949 498 2032 senarius).

427 2055 643 2120 Diomedis
680 2056 794 2140 quarti
824 2055 951 2120 saeculi
975 2055 1191 2138 grammatici
1215 2056 1385 2120 sententia

322 2161 364 2225 de
401 2162 603 2247 septenariis
626 2184 659 2248 p.
685 2163 787 2246 ’55ῠώ
822 2163 870 2227 ita
904 2160 1091 2248 protertur:
1128 2161 1314 2228 Diomedes
1338 2163 1385 2226 sic

322 2266 575 2354 ‘Septenarium
613 2290 752 2334 versum
783 2269 890 2334 Varro
929 2266 1005 2333 lieri
1044 2267 1125 2332 dicit
1164 2268 1230 2332 hoc
1269 2267 1383 2348 moda,

320 2396 401 2439 cum
425 2375 470 2441 ad
494 2375 682 2441 iambicum
705 2375 903 2461 trisyllabus
926 2397 987 2460 pes
1012 2374 1160 2453 additur,
1197 2381 1229 2439 et
1253 2373 1294 2441 lit
1316 2375 1384 2440 tale

379 2482 466 2567 quid
489 2483 754 2548 immerentibus
778 2503 891 2562 noces,
918 2481 1003 2566 quid
1025 2483 1160 2547 inrides
1185 2483 1325 2547 amicis?

320 2588 440 2653 similis
462 2591 500 2653 in
523 2590 684 2656 Terentio
708 2611 826 2654 versus
851 2598 901 2655 est

419 2717 502 2760 nam
526 2697 555 2761 si
577 2698 753 2762 remittent
777 2697 959 2782 quippiam
981 2696 1209 2762 Philumenae
1234 2695 1382 2761 dolores:

320 2804 413 2867 etin
438 2802 561 2868 Plauto
586 2805 723 2889 saepius
752 2804 837 2869 tales
871 2805 1109 2890 reperiuntur'.
1159 2802 1255 2884 Quae
1279 2803 1383 2868 rerba

319 2917 479 2995 sumpta¹
504 2918 586 2976 sunt
632 2934 674 2977 ex
718 2911 897 2976 Diomedis
944 2919 1015 2976 arte
1062 2909 1188 2976 GLKl
1211 2932 1243 2996 p.
1271 2911 1345 2989 515,
1358 2955 1381 2994 3.

317 3017 493 3082 Nonnulla
533 3018 575 3082 de
614 3019 770 3084 versibus
806 3019 1016 3082 comicorum
1055 3025 1090 3083 et
1130 3018 1383 3100 tragicoruma

317 3122 485 3188 Diomede
511 3125 666 3209 exposita
690 3132 772 3189 sunt
797 3125 900 3190 etiam
914 3147 946 3210 p.
961 3124 1035 3203 503,
1049 3169 1077 3208 24
1095 3146 1144 3209 sq.
1170 3131 1203 3189 ct
1216 3125 1291 3202 508,
1304 3168 1317 3208 ὖ
1332 3146 1380 3208 sq.

424 3230 466 3294 ln
489 3252 635 3296 numero
660 3232 874 3317 scriptorum,
901 3252 988 3317 quos
1020 3253 1123 3316 supra
1160 3231 1381 3308 contulimus,

316 3335 516 3403 referendus
552 3340 741 3406 estotiam
781 3338 954 3424 Sosipater
989 3338 1220 3404 Charisius.
1269 3338 1382 3402 Locus

316 3444 411 3529 apud
434 3444 620 3511 Rufinum·
639 3469 672 3532 p.·
698 3447 772 3525 555,
786 3490 814 3530 16
846 3447 986 3510 nomine
1026 3444 1143 3510 addito
1183 3444 1382 3527 (Charisius

317 3552 387 3634 sic')
413 3574 455 3616 ex
479 3561 550 3618 arte
575 3553 799 3635 grammatica
824 3553 897 3617 eius
922 3552 1113 3636 descriptus
1136 3551 1248 3615 littera
1279 3557 1381 3615 tenus

315 3656 409 3722 idem
445 3665 495 3723 est
531 3667 635 3743 atque
665 3661 704 3738 is,
730 3681 836 3743 quem
867 3681 909 3723 ex
943 3659 1168 3742 grammatica
1203 3655 1381 3721 Diomedis

315 3761 456 3829 fluxisse
514 3766 618 3830 modo
677 3767 909 3851 exposuimus
958 3765 1071 3846 Quare
1134 3764 1258 3829 dixeris
1304 3764 1380 3828 loco

316 3870 516 3936 Charisiano
541 3893 651 3937 errore
676 3874 803 3937 omisso
836 3873 1015 3937 librarium
1039 3871 1147 3937 oculis
1181 3893 1300 3936 rursus
1336 3870 1380 3936 ad

313 3977 430 4042 locum
456 4001 498 4042 ex
520 3978 689 4044 Diomede
712 3980 887 4064 prolatum
912 3979 1111 4058 declinasse,
1136 3987 1175 4044 ut
1205 3978 1302 4043 idam
1327 3979 1380 4042 bis

315 4083 529 4163 describeret,
555 4086 755 4170 praesertim
780 4108 860 4150 cum
883 4087 920 4150 111
944 4095 1014 4152 arte
1039 4086 1192 4165 Charisii,
1218 4107 1308 4171 quae
1343 4087 1380 4149 in

313 4189 384 4256 iine
408 4192 574 4258 lacunosa
610 4200 670 4271 cst,
710 4193 797 4257 nihil
832 4194 1003 4258 eiusmodi
1037 4193 1204 4259 traditum
1235 4194 1286 4257 sit.
1334 4192 1378 4257 At

314 4300 480 4384 quoniam
505 4323 546 4365 ex
559 4299 677 4379 titulis,
692 4301 753 4384 qui
776 4302 968 4366 conservati
985 4310 1065 4366 sunt
1091 4298 1144 4383 (ci.
1164 4299 1258 4364 GLK
1271 4300 1285 4362 l
1298 4322 1330 4385 p.
1346 4300 1378 4383 6)
