3230 5052
667 524 843 588 „63-

221 702 313 766 xime
338 708 455 766 autem
478 701 678 766 mirandum
703 709 763 781 ast,
800 702 896 787 quod
932 710 965 767 et
988 700 1139 767 Rufinus
1164 710 1197 770 et
1220 703 1289 767 Pri-

222 809 370 886 scianus,
407 830 487 873 cum
512 808 554 873 de
577 814 777 874 tetrametro
802 809 954 874 iambico
980 816 1094 893 agant,
1120 810 1194 874 sine
1219 809 1289 875 ulla

222 935 326 980 causa
343 914 529 981 dimetrum
546 915 745 995 attulerunt,
772 937 862 1001 quae
885 938 939 981 res
964 915 1058 1002 apud
1074 916 1289 982 Priscianum

220 1045 252 1108 p.
278 1023 388 1108 425,24,
410 1023 568 1088 similiter
588 1024 766 1108 reperitur,
804 1024 865 1108 qui
892 1030 972 1108 post
994 1044 1113 1088 versus
1136 1022 1288 1090 Andriae

220 1129 398 1193 481-484
423 1129 544 1195 allatos
581 1130 654 1195 ‘hos
679 1131 844 1216 sequitur,
879 1131 1004 1215 inquit,
1031 1129 1176 1196 dimeter
1190 1136 1288 1195 cata·

219 1236 361 1302 lecticus
385 1234 533 1301 finiendi
557 1238 724 1302 sermonis
760 1259 873 1316 causa,
911 1258 1022 1334 quem*
1045 1236 1090 1302 ad
1112 1235 1288 1302 Archilida

219 1343 344 1428 habuit

403 1451 493 1534 (485)
518 1450 598 1516 date
621 1471 703 1515 mox
727 1471 790 1535 ego
813 1451 882 1516 huc
906 1450 1104 1536 reverta1·.’1)

220 1541 335 1642 Atque
359 1556 501 1623 fortuito
536 1557 619 1623 talia
653 1555 746 1623 facta
783 1579 856 1622 esse
891 1579 964 1623 non
991 1565 1148 1643 possunt.
1196 1559 1287 1642 Ergo

220 1671 363 1750 apparet
386 1664 602 1729 Priscianum
626 1662 749 1729 Rufini
773 1665 1062 1729 commentarium
1086 1665 1123 1728 in
1148 1686 1286 1750 compo-

219 1771 336 1836 nendo
370 1770 458 1836 fibro
495 1770 537 1836 de
572 1773 690 1837 metris
714 1771 866 1836 Terentii
900 1792 973 1836 non
997 1772 1216 1857 usurpavisse
1253 1779 1287 1837 et

219 1877 482 1944 similitudinem
505 1880 596 1944 inter
619 1877 740 1944 Rufini
765 1886 798 1943 et
822 1879 988 1942 Prisciani
1010 1877 1144 1943 libellos
1170 1898 1210 1942 eo
1235 1899 1285 1943 or-

218 1991 290 2049 tam
316 2007 398 2064 esse,
436 1986 532 2071 quod
555 1992 701 2071 uterque
726 1985 849 2050 eodem
884 1983 980 2049 fonte
1004 2006 1089 2049 usus
1114 1992 1172 2049 est.
1222 1984 1287 2050 Cui

219 2093 411 2158 sententiae
434 2115 505 2158 non
530 2100 711 2179 repugnat,
737 2092 833 2178 quod
857 2089 1008 2157 Rufinus
1033 2113 1104 2156 uno
1129 2092 1205 2157 loco
1231 2113 1285 2156 ex-

219 2206 318 2284 cepto
354 2201 512 2287 exempla
548 2223 589 2265 ex
612 2201 773 2265 Terentio
809 2197 919 2277 affert,
945 2221 1024 2263 curn
1059 2200 1096 2263 in
1120 2199 1286 2264 Prisciani

217 2305 305 2371 libro
328 2314 463 2393 praeter
485 2307 636 2372 Terentii
659 2328 778 2372 versus
802 2308 907 2372 etiam
930 2305 1053 2385 Plauti,
1083 2307 1197 2386 Ennii,
1222 2305 1284 2370 Ac-

218 2414 270 2493 cii,
306 2413 452 2500 Turpifii
485 2415 715 2480 inveniamus.
763 2413 853 2479 Nam
887 2414 924 2477 in
947 2411 1069 2477 Rufini
1103 2410 1199 2477 fonte
1233 2414 1284 2476 in·

216 2517 323 2585 fuisse
362 2543 481 2586 versus
520 2522 695 2587 variorum
729 2528 912 2607 poetarum
953 2519 1194 2585 demonstrant
1229 2542 1284 2587 ex·

218 2627 332 2713 ampla
367 2628 586 2694 choliambici
620 2650 748 2707 versus,
786 2649 876 2713 quae
916 2649 959 2692 ex
992 2627 1108 2692 Persio
1144 2633 1285 2713 sumpta

217 2741 307 2799 sunt.
355 2732 503 2801 Infuisse
528 2743 646 2800 autem
681 2734 796 2820 piures
819 2757 938 2799 versus
972 2735 1009 2798 in
1033 2732 1139 2813 fonte,
1176 2755 1284 2819 quam

217 2863 305 2926 quos
328 2840 480 2907 Rufinus
514 2844 551 2907 in
587 2865 691 2908 suum
718 2841 875 2907 fibellum
899 2840 1084 2919 transtulit,
1123 2840 1284 2906 concludi

215 2948 294 3013 licet
319 2971 360 3014 ex
385 2971 434 3028 eo,
473 2950 568 3035 quod
591 2947 744 3015 Rufinus
779 2971 811 3034 p.
838 2949 943 3032 558,22
980 2947 1063 3012 dicit
1092 2947 1160 3011 ‘alii
1182 2954 1283 3012 tetra-

216 3057 316 3121 metri
340 3055 467 3121 similes
490 3057 547 3135 hi',
575 3079 655 3140 cum
678 3067 790 3122 unum
817 3054 948 3120 afferat.

321 3163 395 3228 Iam
419 3185 510 3229 nova
534 3162 575 3230 fit
599 3165 766 3249 quaestio
804 3164 865 3248 qui
889 3162 1086 3227 communis
1110 3158 1189 3226 fons
1213 3161 1282 3225 Ru·

214 3267 278 3333 fini
314 3277 347 3335 et
381 3270 547 3336 Prisciani
581 3269 694 3336 fuerit.
757 3270 863 3355 Apud
896 3269 1112 3333 Priscianum
1148 3275 1283 3353 praeter

214 3375 365 3442 Terentii
399 3400 517 3442 versus
545 3377 671 3462 legitur
694 3378 796 3442 series
826 3397 990 3441 versuum
1013 3374 1136 3452 Plauti,
1162 3375 1280 3452 Ennii,

214 3481 317 3562 Accii,
343 3484 496 3569 Turpifii,
535 3486 595 3569 qui
618 3507 683 3550 nos
708 3483 752 3549 ad
776 3482 908 3548 fontem
945 3481 1100 3564 relegant
1124 3502 1282 3545 summae

214 3592 436 3671 auctoritatis,
474 3614 535 3657 seu
572 3615 613 3657 ex
636 3593 712 3678 ipso
750 3612 812 3655 seu
847 3611 907 3675 per
932 3589 1017 3654 alios
1051 3589 1088 3652 in
1116 3588 1283 3653 Prisciani

214 3700 503 3764 commentarium
518 3697 712 3764 fluxerunt
752 3698 867 3784 Atque
892 3697 962 3762 duo
982 3694 1104 3760 Rufini
1126 3695 1194 3760 loci
1217 3716 1282 3759 nos

214 3803 259 3868 ad
282 3804 442 3869 Caesium
466 3806 613 3871 Bassum
631 3806 841 3871 conducunt.
889 3805 985 3869 Prior
1009 3801 1129 3868 Rufini
1156 3802 1283 3886 legitur

320 4018 347 4088 l)
367 4020 424 4072 Pro
443 4021 595 4086 praesenti
624 4020 772 4071 ‘revertor'
801 4019 934 4074 futurum
964 4017 1109 4069 ‘revertar'
1139 4017 1200 4068 sive
1230 4018 1281 4066 ‘re-

212 4109 318 4160 vortar'
338 4110 410 4175 poni
429 4125 550 4161 neeesse
583 4116 627 4161 est
656 4125 724 4160 cum
743 4124 780 4160 ex
800 4107 975 4160 auctoritate
996 4104 1108 4158 codicis
1127 4105 1281 4158 Decurtatf

211 4200 276 4248 tum
294 4199 383 4250 huius
402 4199 546 4251 Prisciani
566 4199 633 4265 loci,
653 4198 705 4263 qui
723 4198 811 4250 nobis
831 4196 1069 4261 antiquissimam
1088 4194 1280 4246 traditionem

211 4287 340 4354 praebet,
361 4305 429 4339 cum
448 4287 538 4340 etiam
550 4287 738 4340 Victorianus
759 4286 853 4339 codex
866 4300 1004 4352 praesens
1024 4284 1055 4335 in
1068 4283 1200 4335 futurum
1219 4298 1280 4334 cor-

212 4382 325 4430 rectum
335 4365 460 4431 habeat.
