3230 5052
747 501 927 564 „38-

302 684 372 748 sire
412 705 455 746 ex
492 682 558 746 hoc
598 681 759 745 duxerint
799 700 945 744 nomen.
986 676 1083 762 quod
1121 677 1190 740 sint
1230 673 1368 738 formati

301 789 456 875 quodam
479 788 759 853 110110.3119911
793 807 845 853 ec.
877 784 974 870 quod
1003 795 1139 848 vertant
1164 783 1366 846 orationem‘

301 910 334 961 et
369 896 452 961 ibid.
489 897 555 980 §4
591 893 722 978 figura.
759 894 847 957 sicut
882 893 1025 956 nomine
1047 893 1124 976 ipso
1147 900 1252 975 patet.
1289 909 1367 952 con-

301 1002 463 1068 formatio
498 1000 672 1086 quaedam
708 1001 874 1064 orationis
907 1009 1040 1063 remota
1075 1019 1095 1062 a
1131 996 1367 1061 communiet

300 1110 453 1194 primum
477 1131 513 1172 se
537 1106 705 1172 offerente
728 1108 882 1173 ratione'.
919 1107 981 1190 qui
1014 1105 1112 1169 locus
1134 1105 1182 1168 ita
1207 1103 1366 1168 convenit

301 1237 382 1280 cum
420 1215 603 1281 Diomede.
652 1226 689 1279 ut
736 1213 818 1278 inde
855 1213 991 1277 Keilius
1029 1211 1124 1296 apud
1162 1208 1368 1274 Diomedem

300 1323 463 1387 lacunam
510 1343 583 1386 esse
629 1334 719 1386 recte
765 1319 977 1385 iudicaverit.
1047 1318 1205 1383 Alterum
1250 1327 1368 1381 autem

301 1430 419 1494 locum
462 1429 558 1514 apud
591 1427 798 1492 Diomedem
833 1429 1024 1512 reperimus
1058 1448 1092 1511 p.
1128 1425 1204 1493 456.
1217 1468 1260 1508 ῃ,
1297 1444 1368 1508 quo

300 1536 377 1601 loeo
399 1537 491 1620 tropi
507 1533 748 1599 definitionem
766 1544 896 1619 tropus
912 1546 962 1598 est
987 1553 1100 1597 selmo
1124 1553 1144 1596 a
1160 1530 1311 1596 naturali
1334 1543 1366 1594 et

301 1642 484 1728 principali
515 1639 768 1725 significatione
792 1641 980 1706 translatus
1004 1640 1049 1704 ad
1072 1639 1176 1703 aliam
1201 1658 1367 1703 exornan-

302 1750 367 1815 dae
383 1751 548 1815 orationis
564 1750 683 1832 gratia⁷
701 1756 841 1813 auctore
854 1747 1071 1828 Quintiliano
1087 1746 1207 1811 addito
1222 1745 1368 1810 verbum

302 1857 345 1921 de
368 1857 474 1922 verbo
497 1858 561 1921 iste
585 1857 833 1938 grammaticus
856 1855 1031 1939 expressit.

408 1981 618 2044 Victorini
652 1980 758 2044 rerba
793 1979 888 2064 apud
911 1977 1083 2043 Rufinum
1113 2001 1146 2063 p.
1172 1978 1367 2061 51313911-

301 2097 403 2152 stant.
441 2088 518 2170 qui:
568 2086 785 2152 ‘Victorinus
822 2086 946 2169 inquit.
977 2085 1020 2149 de
1045 2086 1295 2170 compositione
1320 2085 1367 2147 sie

301 2193 399 2258 dicit:
448 2194 630 2261 Creticum.
664 2195 726 2279 qui
749 2200 800 2258 est
825 2214 867 2257 ex
889 2192 994 2275 longa
1018 2200 1051 2257 91
1075 2192 1172 2256 111911Ι
1195 2199 1228 2256 91
1252 2191 1365 2274 longa.

300 2301 329 2364 si
364 2312 529 2386 sequatur
563 2301 741 2388 spondeus
775 2300 829 2366 191
867 2299 1066 2369 trochaeus.
1106 2299 1237 2364 bonam
1276 2318 1367 2362 com-

299 2409 508 2492 positionem
532 2408 644 2474 facere
669 2408 800 2475 dicunt.
827 2426 908 2491 ‘quo
924 2429 1037 2491 usque
1053 2406 1197 2471 tandem
1214 2406 1366 2470 abutere,

300 2514 456 2581 Catilina.
493 2517 661 2600 patientia
697 2515 848 2579 nostraP'
884 2513 956 2577 duo
987 2515 1132 2578 extremi
1154 2513 1261 2598 pedes
1285 2524 1366 2577 311111

300 2621 445 2685 creticus
481 2629 514 2686 91
543 2621 742 2706 spondeus’
789 2621 831 2683 In
854 2628 926 2684 arte
951 2622 1176 2703 grammatica
1200 2620 1367 2685 Victorini

299 2726 415 2791 adhuc
450 2736 652 2793 conservata
691 2727 747 2792 1119
785 2727 884 2791 10913
924 2727 1147 2799 1193111911111,
1188 2749 1278 2813 quae
1313 2750 1367 2792 res

299 2835 376 2898 min‘
399 2834 487 2899 nihil
510 2835 625 2903 habet.
652 2837 734 2921 quia
756 2834 815 2899 illa
838 2835 944 2900 rerba
968 2857 1010 2899 ex
1034 2842 1105 2899 arte
1125 2835 1296 2900 rhetorica
1311 2858 1365 2900 911-

299 2943 425 3027 scripta
465 2964 539 3006 esse
577 2943 749 3007 ridentur.
796 2943 840 3006 Et
878 2964 913 3006 re
949 2963 1030 3006 vcra
1066 2941 1283 3007 Victorinum
1317 2943 1366 3007 rei

298 3049 488 3113 rhetoricae
524 3069 665 3133 operam
701 3048 836 3112 dedisse
872 3050 1000 3112 scimus
1029 3070 1071 3112 ex
1094 3049 1297 3134 1119101111.
1323 3049 1365 3113 119

298 3155 357 3218 vir.
383 3154 486 3219 illust.
514 3155 587 3223 101.
613 3155 690 3219 ubi:
717 3154 933 3234 ‘Victorinus
958 3156 1082 3239 inquit,
1108 3157 1249 3221 natione
1273 3154 1364 3224 Afer.

298 3261 429 3325 Romae
443 3261 508 3325 sub
522 3261 750 3327 Constantino
763 3263 918 3347 principe
930 3262 1183 3327 rhetoricam
1200 3263 1364 3332 docuit'.

298 3375 331 3432 et
367 3389 408 3432 ex
442 3369 586 3453 prologo
610 3371 939 3434 commentariorum
962 3370 1000 3432 in
1024 3370 1206 3455 epistolam
1230 3370 1276 3434 ad
1299 3370 1365 3436 Ga·

297 3473 393 3541 latas,
430 3475 493 3539 ubi
528 3476 611 3541 dicit
647 3496 729 3541 ‘non
764 3478 847 3561 quia
881 3477 1038 3558 ignorem
1070 3476 1193 3541 Caium
1216 3479 1363 3543 Marium

297 3581 524 3662 Victorinum,
573 3585 634 3668 qui
673 3584 805 3649 Romae
851 3607 907 3649 me
953 3605 1062 3669 puero
1101 3584 1365 3650 rhetoricam

298 3687 464 3754 docuit’.
497 3689 622 3755 Adhuc
640 3698 750 3755 exstat
767 3691 935 3756 Victorini
951 3691 1121 3776 expositio
1136 3691 1174 3754 11
1191 3690 1365 3756 Ciceronis

296 3795 402 3860 libros
426 3796 468 3860 119
492 3797 703 3876 inventione,
739 3798 778 3861 in
801 3819 871 3882 qua
896 3796 1040 3882 quidem
1064 3819 1178 3881 neque
1203 3796 1320 3862 locum
1344 3821 1364 3863 a

297 3900 427 3967 Rufino
474 3913 675 3989 excerptum
722 3926 837 3988 neque
884 3905 1073 3988 quicquam
1121 3904 1163 3968 de
1209 3907 1364 3970 numeris

298 4010 454 4073 oratoriis
488 4011 617 4076 inveni.
670 4012 841 4076 Probatur
875 4018 993 4076 autem
1028 4012 1093 4076 hac
1131 4033 1272 4096 quoque
1309 4035 1363 4077 ex·

295 4117 467 4200 positione
495 4117 713 4183 Victorinum
747 4116 854 4182 libros
887 4117 1076 4184 rhetoricos
1116 4120 1361 4205 composuisse,

296 4222 390 4287 unde
407 4221 559 4289 Rufinus
574 4224 691 4290 locum
716 4245 820 4310 supra
845 4225 1009 4290 collatmn
1034 4225 1236 4310 desumpsit.
1285 4225 1363 4306 Quo

294 4329 331 4393 in
366 4329 454 4395 libro
478 4353 498 4396 a
522 4331 652 4397 Rufino
676 4333 775 4410 lecte,
813 4333 911 4396 cuius
935 4356 979 4398 ne
1003 4332 1126 4399 titulus
1151 4331 1293 4416 quidem
1318 4333 1363 4397 ad
