3230 5052
678 502 858 568 „59-

237 681 348 746 ticum
386 681 481 746 enim
520 689 554 746 et
592 681 797 746 trochaeum
836 682 869 746 h.
910 682 930 746 l.
973 702 1046 747 non
1086 690 1306 748 enumeratos

238 807 311 852 esse
334 787 429 852 idem
452 787 547 866 udis,
574 809 680 873 quare
705 808 769 871 ego
794 788 978 868 contende,
1012 791 1176 855 creticum
1199 787 1306 854 fuisse

236 893 422 960 inductum
445 895 483 958 in
505 915 608 960 vorsu
630 895 732 959 tertio
755 896 845 960 inter
861 894 1058 980 spondeum
1075 903 1108 961 ot
1124 917 1304 982 paeonem,

236 1001 327 1066 Nam
350 1023 469 1066 versus
494 1008 638 1086 quartus
661 1022 735 1066 non
757 1008 872 1087 potest
896 1003 996 1087 sequi
1010 1024 1149 1068 versum
1164 1003 1306 1067 tertium

237 1107 339 1172 nobis
361 1108 538 1187 traditum,
576 1109 658 1193 quia
693 1108 870 1194 spondeus
894 1115 928 1173 et
950 1130 1064 1194 paean
1090 1109 1306 1194 temporibus

236 1216 386 1300 impares
410 1222 492 1280 sunt
516 1223 549 1280 et
583 1236 706 1300 paean,
743 1215 917 1300 siquidem
953 1237 1034 1280 eum
1063 1237 1306 1301 comparamus

238 1343 319 1386 curn
343 1321 507 1407 spondae,
545 1342 617 1386 non
647 1343 718 1387 una
755 1322 816 1386 sed
846 1321 985 1387 duabus
1009 1322 1150 1408 syllabis
1175 1324 1303 1388 crescit.

238 1427 306 1493 Sed
328 1427 388 1493 illa
412 1427 625 1494 aditamenta
649 1436 730 1515 apta
755 1437 837 1494 sunt
853 1451 986 1515 paeane
1003 1435 1203 1515 comparato
1225 1451 1305 1494 cum

237 1536 371 1614 creticO,
409 1557 515 1621 quem
551 1534 694 1621 quidem
727 1536 794 1601 hoc
829 1536 905 1601 loco
941 1537 1163 1602 nominatum
1198 1535 1305 1602 fuisse

237 1642 442 1708 concludere
466 1662 653 1728 possumus
678 1664 720 1707 ex
743 1641 917 1707 Ciceronis
951 1641 1028 1707 loco
1064 1641 1238 1708 aRufino
1268 1645 1305 1709 in

236 1748 330 1814 hisce
353 1748 511 1814 versibus
535 1734 754 1813 elaborandis
779 1748 945 1814 adhibito.
1009 1748 1131 1814 Cicero¹
1152 1751 1245 1816 enirn
1268 1752 1305 1815 in

239 1856 390 1922 Oratoris
414 1856 435 1940 ξ
459 1855 523 1919 215
550 1855 648 1920 ‘Nam
673 1861 706 1920 et
730 1857 924 1935 creticus,
961 1856 1085 1940 inquit,
1127 1857 1188 1941 qui
1212 1862 1263 1921 est
1287 1878 1305 1920 e

236 1962 340 2046 longa
364 1969 398 2027 et
420 1962 518 2027 brevi
541 1968 574 2026 et
597 1961 710 2046 longa,
744 1963 896 2027 eteius
932 1962 1124 2046 aequalis
1159 1984 1305 2048 paean,

237 2071 307 2154 qui
331 2071 470 2155 spatio
495 2091 569 2154 par
592 2076 665 2149 est,
693 2057 860 2155 syllaba
880 2069 1064 2153 longior,
1090 2092 1197 2156 quam
1214 2091 1304 2135 com-

235 2176 437 2242 modissime
475 2183 620 2262 putatur
657 2176 695 2240 in
734 2175 884 2241 solutam
928 2177 1121 2242 orationem
1159 2176 1302 2260 illigari'.

235 2284 327 2368 Ergo
349 2283 513 2349 lacunam
537 2305 610 2348 esse
634 2282 692 2347 illo
716 2282 792 2347 loco
817 2305 878 2368 pro
904 2290 995 2349 certo
1019 2283 1142 2348 habeo.

342 2410 570 2474 Revertamur
605 2408 650 2473 ad
684 2430 803 2474 versus
837 2431 869 2494 p.
903 2408 1002 2492 576„
1041 2411 1084 2492 (v.
1122 2430 1155 2493 p.
1182 2409 1248 2490 57),
1285 2429 1304 2472 a

237 2516 365 2602 quibus
390 2515 533 2599 digressi
557 2537 687 2581 sumus.
735 2516 810 2580 Iam
834 2537 938 2602 supra
961 2514 1113 2580 vidimus
1138 2516 1186 2580 eis
1209 2536 1303 2600 repe-

235 2625 339 2689 titum
364 2645 437 2688 esse
460 2623 507 2703 id,
533 2622 629 2708 quod
652 2620 804 2687 Rufinus
828 2629 931 2688 antea
954 2623 1185 2708 pertractavit,
1210 2644 1303 2708 repe-

237 2732 317 2796 titas
342 2752 415 2796 esse
438 2731 587 2815 ineptias
611 2751 753 2815 quoque
778 2736 1019 2815 corruptorum
1043 2751 1209 2795 versuum
1224 2750 1301 2816 pag.

237 2839 419 2922 565,13-16,
445 2836 640 2922 dequibus
665 2838 727 2920 egi.
772 2836 869 2917 Quae
894 2858 975 2900 cum
997 2837 1046 2900 ita
1071 2837 1149 2915 sint,
1174 2844 1303 2922 tempe-

236 2966 309 3010 rare
333 2945 420 3010 mihi
443 2965 516 3009 non
539 2966 684 3030 possum
709 2945 796 3029 quin
831 2942 1041 3008 contendam
1075 2942 1153 3007 illos
1185 2964 1303 3008 versus

236 3074 268 3137 p.
294 3051 437 3137 51111.ἵ
473 3073 547 3116 non
583 3053 626 3118 ab
661 3053 737 3138 ipso
772 3049 913 3129 Rufin0,
951 3049 1012 3114 sed
1048 3071 1068 3114 a
1098 3049 1302 3114 stultissimo

237 3159 392 3244 quodam
425 3159 672 3244 interpolatore
707 3158 817 3225 factos
853 3179 926 3223 esse
962 3179 1004 3222 ex
1037 3156 1194 3223 versibus
1224 3177 1301 3242 pag.
1327 3140 1329 3145 ³

237 3266 410 3351 56113-16
433 3267 504 3331 iarn
529 3267 706 3351 corruptis.
755 3265 917 3347 Quonam
941 3265 1046 3330 modo
1075 3263 1151 3328 fieri
1178 3264 1301 3350 potuit,

236 3379 276 3458 ut
298 3370 450 3438 Rufinus
473 3375 557 3459 ipse,
583 3375 644 3458 qui
668 3373 877 3437 sententiam
901 3393 1001 3436 suam
1023 3372 1061 3435 in
1085 3391 1215 3455 paucos
1233 3391 1303 3434 ver-

233 3499 295 3545 sus
319 3481 529 3567 compressit,
556 3479 703 3545 eandem
726 3487 895 3565 repeteret
918 3477 1157 3564 paucioribus!
1182 3476 1302 3562 Aeque

237 3609 272 3652 se
295 3587 423 3652 habere
447 3569 666 3653 iterationem
689 3588 726 3651 in
761 3587 873 3673 priore
910 3585 1158 3651 commentario
1182 3581 1304 3648 Rufini

236 3716 297 3779 per
321 3716 356 3758 se
380 3702 476 3780 patet
500 3717 542 3760 ex
565 3694 823 3780 comparatione
848 3693 998 3773 alterius,
1024 3714 1104 3757 cum
1128 3692 1194 3757 hoc
1219 3712 1302 3776 quo-

153 3793 156 3800 ’
237 3823 304 3886 que
328 3800 404 3866 loco
428 3824 547 3868 versus
583 3802 628 3867 ad
650 3801 755 3868 verba
783 3799 853 3866 fere
888 3800 1025 3886 repetiti
1059 3800 1137 3878 sint,
1174 3805 1213 3864 ut
1236 3821 1302 3864 'ex-

237 3909 342 3995 empli
377 3931 481 3975 causa
517 3907 662 3975 afferam
696 3932 727 3975 r.
764 3908 866 3992 560„
892 3908 1052 3972 ‘creticon
1075 3905 1303 3971 Archilochus

234 4018 390 4083 trimetro
404 4017 643 4103 superaddidit
655 4018 800 4100 ingens',
819 4015 880 4100 qui
898 4012 1085 4099 respondet
1097 4013 1212 4077 versui
1224 4033 1300 4097 pag.

235 4125 335 4210 559„
361 4126 521 4190 ‘creticon
538 4123 766 4189 Archilochus
793 4143 897 4208 supra
922 4127 1027 4206 caput
1052 4118 1149 4184 addit
1171 4118 1300 4183 iambi’.

342 4233 417 4298 Iam
454 4253 535 4298 vero
575 4231 772 4297 accedimus
803 4230 856 4295 ad
890 4249 1010 4296 versus
1044 4227 1204 4305 Terentii,
1242 4227 1303 4310 qui

236 4338 386 4420 exempli
420 4341 528 4422 gratia
564 4336 685 4402 Rufini
720 4338 865 4403 carmini
899 4335 1018 4401 inserti
1054 4341 1144 4399 sunt.
1204 4331 1301 4414 Quae
