3230 5052
773 477 928 538 ,4-

313 680 345 744 p.
372 657 446 735 566,
460 700 487 742 21
525 655 628 720 ‘idem
665 655 732 720 sic'.
792 654 907 719 Etiam
941 653 1094 738 reliquae
1129 653 1380 738 inscriptiones,

314 785 402 848 quas
426 763 541 828 adhuc
564 761 725 827 nondum
749 760 859 839 attuli,
897 761 970 825 01110
999 759 1106 825 dubio
1142 759 1188 824 ad
1210 758 1381 824 Rufinum

314 875 481 956 spectant,
519 891 615 935 cum,
635 891 677 934 ex
711 867 812 934 titulo
848 866 1077 954 praecedente
1112 887 1242 932 nomen
1277 866 1382 932 huius

314 977 530 1061 grammatici
554 974 791 1061 supplendum
815 996 888 1040 esse
912 995 1016 1039 nemo
1041 995 1114 1041 non
1136 973 1261 1053 videat,
1294 975 1382 1039 sicut

314 1106 347 1169 p.
374 1083 475 1167 559„
501 1083 554 1148 ‘de
577 1082 695 1148 iambo
719 1081 973 1168 hipponacteo’,
1010 1103 1043 1167 p.
1069 1081 1144 1160 559,
1157 1124 1185 1165 ,6
1211 1080 1264 1145 ‘de
1288 1080 1381 1165 pedi-

314 1191 382 1255 bus
406 1190 534 1275 quibus
557 1189 643 1254 hacc
668 1189 862 1254 consistunt
885 1191 1016 1267 metra',
1044 1210 1077 1274 p.
1104 1187 1178 1266 559,
1191 1231 1219 1272 24
1245 1186 1298 1251 ‘de
1322 1207 1382 1251 no-

315 1297 409 1362 mine
432 1296 557 1362 talium
579 1317 744 1361 versuum
779 1295 850 1362 sive
873 1298 1085 1374 metrorum',
1121 1317 1154 1380 p.
1181 1293 1255 1372 559,
1269 1337 1298 1378 29
1330 1293 1382 1358 ‘de

316 1403 534 1483 choliambo',
558 1425 591 1488 p.
617 1403 719 1487 560,3
746 1401 940 1468 ι(1011101110
965 1403 1125 1482 comicis’,
1142 1424 1175 1487 p.
1201 1401 1303 1484 567,6
1329 1400 1382 1465 ‘dc

317 1510 452 1576 ambitu
476 1511 546 1576 sive
578 1509 731 1589 circuitu,
769 1531 874 1594 quem
899 1507 1021 1574 Graeci
1056 1508 1216 1590 περίοδον
1251 1507 1381 1586 (11011111,

214 1609 217 1616 ’
316 1618 385 1696 sic’,
410 1639 442 1703 p.
469 1617 585 1701 567,16
611 1616 664 1682 ‘dc
688 1637 812 1700 genere
828 1615 990 1695 iudiciali,
1017 1617 1170 1697 11001106
1188 1615 1382 1692 (1010011106,

315 1746 348 1810 p.
375 1725 491 1809 561,18
518 1723 570 1789 ‘da
606 1745 729 1808 genere
766 1722 999 1802 deliberative,
1036 1725 1113 1804 περὶ
1148 1727 1208 1787 τοῦ
1238 1719 1382 1804 συμβου-

316 1832 492 1898 iccvmmi'.
551 1831 711 1916 Denique
748 1829 921 1896 distichon
954 1852 988 1915 p.
1026 1830 1100 1909 565,
1115 1874 1169 1914 Η,
1204 1828 1299 1893 idem
1333 1829 1382 1892 in-

317 1939 425 2005 dicat:
652 1938 653 1942 ’

408 2046 513 2112 ‘Haec
538 2065 600 2128 ego
625 2042 776 2109 Rufinus
801 2043 921 2127 collegi
944 2050 1060 2108 mente
1084 2043 1236 2126 benigna

407 2151 654 2237 discipulisque
680 2149 761 2214 dedi
783 2171 929 2215 munera
953 2149 1097 2235 pulchra
1120 2149 1252 2215 libens'.

423 2259 513 2342 Ergo
539 2257 690 2323 dubitari
713 2278 785 2322 non
809 2264 932 2342 potest,
969 2257 1055 2342 quin
1078 2277 1113 2321 re
1141 2277 1221 2322 vera
1256 2277 1383 2338 magna

316 2387 396 2451 pars
421 2365 660 2430 commentarii
683 2362 813 2429 Rufino
837 2363 1023 2429 tribuenda
1048 2365 1099 2429 sit.

423 2471 552 2564 Totum
586 2470 743 2535 libellum
777 2471 815 2534 in
850 2470 937 2536 duas
971 2477 1085 2557 partes
1121 2470 1271 2536 dhisum
1310 2461 1393 2534 esse

316 2578 507 2644 ostendunt
531 2599 612 2642 cum
636 2584 890 2661 argumentum,
931 2578 1014 2663 quia
1036 2579 1149 2663 priore
1184 2583 1281 2662 parte
1304 2596 1381 2660 pag.

317 2685 531 2770 554--565,8
579 2685 691 2768 agitur
731 2684 773 2750 de
812 2686 929 2750 metris
968 2685 1121 2750 Terentii
1166 2685 1383 2767 aliorumque

316 2799 499 2878 poetarum
534 2793 745 2858 comicorum
769 2798 803 2858 ct
825 2793 1043 2876 tragicorum,
1082 2792 1270 2877 posteriore
1304 2811 1382 2876 pag.

317 2899 392 2979 565,
405 2900 568 2984 9—578„
593 2898 635 2964 de
659 2901 814 2965 numeris
838 2907 1023 2978 oratorum,
1059 2906 1137 2964 tum
1159 2898 1252 2964 tituli
1281 2899 1383 2983 parti-

318 3005 472 3084 culiares,
509 3027 597 3090 quos
632 3007 703 3070 iam
738 3027 842 3090 supra
878 3006 987 3072 attuli.
1047 3005 1234 3090 Praecipue
1267 3012 1383 3070 autern

317 3112 475 3177 libellum
504 3113 709 3197 bipartitum
745 3133 818 3177 esse
854 3110 1081 3177 confirmatur
1120 3133 1159 3176 ea
1197 3133 1247 3190 re,
1288 3111 1384 3196 quod

318 3219 594 3304 uniuscuiusque
618 3219 725 3303 partis
747 3219 878 3304 proprii
900 3217 1014 3284 tontes
1038 3218 1259 3298 adnotantur,
1296 3240 1384 3303 quos

318 3326 550 3411 prioreparte
575 3333 796 3391 enumeratos
819 3326 1009 3411 reperimus
1032 3327 1069 3390 in
1103 3323 1174 3390 linc
1211 3346 1383 3390 commen-

317 3432 396 3497 tarii
418 3454 451 3518 p.
477 3433 631 3517 5651-6.
678 3432 843 3517 Legimus
868 3434 975 3498 enim:
1014 3433 1222 3497 ‘Mansuram
1251 3453 1323 3497 esse
1347 3432 1384 3494 in

317 3536 445 3602 fabulis
471 3539 547 3622 [hoc
572 3546 622 3605 est
646 3543 793 3624 metron]
830 3539 951 3605 dicunt
973 3539 1019 3617 hi,
1057 3539 1183 3616 Cicero,
1224 3538 1382 3615 Scaurus,

318 3644 524 3725 Firmianus,
549 3645 667 3724 Varr0,
692 3646 900 3724 Victorinus
926 3635 1067 3711 Caesius
1091 3645 1229 3725 Bassus,
1260 3645 1383 3710 Teren-

318 3751 444 3829 tianus,
470 3750 638 3817 Caecilius
662 3752 809 3832 Vindex,
834 3752 955 3832 Cinna,
992 3751 1147 3831 Sisenna,
1187 3752 1382 3830 Diomedes,

318 3856 476 3936 Albinus,
502 3857 747 3939 Quintilianus,
773 3859 947 3944 Sosipater
986 3859 1169 3938 Charisius,
1205 3858 1383 3937 Helonius,

318 3964 438 4049 Asper,
474 3963 522 4028 Fl.
549 3965 667 4050 Caper,
703 3965 898 4044 Arruntius,
924 3965 1068 4044 Probus,
1103 3965 1245 4045 Plinius,
1270 3966 1383 4032 Euan-

318 4071 423 4151 thiuS,
449 4070 615 4138 Sacerdos
640 4073 700 4157 qui
724 4080 758 4138 et
781 4073 950 4151 Donatus,
975 4073 1083 4137 Iuba’.
1119 4073 1221 4138 Hanc
1245 4095 1384 4138 cnumc-

318 4180 487 4245 rationem
524 4181 680 4265 sequitur
714 4177 801 4244 illud
826 4177 1007 4257 distichon,
1044 4179 1141 4264 quod
1175 4181 1245 4244 iam
1281 4201 1384 4263 supra

320 4308 491 4372 exscups1.
