3230 5052
666 493 843 556 „25-

220 671 322 736 rentii
345 669 522 755 Adelphos
547 677 581 734 et
603 670 816 735 Eunuchum
841 670 1005 750 attulisse,
1036 677 1076 735 ut
1099 670 1288 735 Helenium

222 798 285 842 suo
309 777 386 843 loco
411 798 483 841 esse
509 776 604 862 apud
618 775 790 842 Rufinum
806 777 1028 842 nominatum
1045 778 1287 862 unusquisque

222 884 399 950 concedat.
460 883 528 948 Sed
567 883 629 948 ubi
668 884 956 948 commentarium
996 883 1041 948 ad
1074 881 1288 948 Eunuchum

221 991 409 1056 Helenium
445 990 592 1055 edidisse
618 989 801 1069 Charisius,
839 991 900 1074 qui
922 991 1057 1055 lulium
1087 991 1288 1056 Romanum

222 1099 399 1183 excerpsit,
430 1104 586 1177 testatur,
612 1095 735 1161 GLKI
758 1119 790 1183 p.
817 1098 919 1182 201,3
957 1098 1101 1164 ‘interea
1135 1098 1203 1163 loci
1226 1098 1287 1163 Te·

221 1205 352 1270 rentius
375 1205 413 1268 in
436 1204 619 1282 Eunucho
656 1203 796 1269 ‘interea
819 1204 913 1283 loci’;
949 1204 1012 1270 ubi
1034 1204 1149 1270 Acron
1175 1212 1288 1290 ‘quae-

220 1314 316 1377 ritur’
340 1312 464 1396 inquit,
493 1319 572 1396 ‘quo
597 1318 743 1376 accentu
768 1311 836 1376 dici
860 1311 986 1377 debeat
1015 1311 1103 1390 loci',
1140 1334 1221 1377 cum
1245 1311 1287 1377 de

223 1420 359 1484 'llorum
384 1418 534 1483 duorum
557 1418 742 1484 verborum
766 1420 1050 1504 pronuntiatione
1074 1421 1112 1484 in
1135 1421 1288 1505 prosarie

222 1527 376 1591 oratione
401 1524 535 1590 nullam
559 1523 801 1591 difficultatem
826 1547 899 1590 esse
930 1533 1104 1612 appareat,
1130 1527 1185 1610 agi
1210 1547 1288 1591 con-

222 1639 290 1698 stat
314 1633 356 1697 de
380 1633 664 1718 pronuntiatione
687 1655 815 1698 versus.

329 1739 539 1821 Quaestione
565 1739 607 1804 de
632 1739 835 1804 nominibus
858 1740 896 1803 in
923 1740 1035 1825 priore
1070 1747 1166 1826 parte
1199 1761 1288 1804 com-

222 1847 382 1911 mentarii
422 1846 533 1912 allatis
572 1845 672 1911 linita
712 1846 909 1912 accedimus
944 1846 989 1911 ad
1024 1846 1289 1933 explicationem

222 1960 414 2032 auctorum,
440 1954 560 2038 quiin
585 1953 690 2019 altera
714 1960 810 2040 parte
836 1953 878 2018 de
903 1955 1153 2040 compositione
1189 1960 1222 2019 et
1247 1953 1289 2018 de

222 2061 339 2126 metris
370 2067 546 2126 oratorum
581 2082 613 2146 p.
647 2061 720 2140 573,
735 2105 763 2145 22
788 2083 836 2145 sq.
875 2068 1131 2127 enumerantur.
1192 2059 1289 2142 Quae

222 2168 438 2232 enumeratio
461 2187 534 2231 non
558 2175 597 2232 ut
620 2168 713 2252 prior
735 2168 773 2231 in
795 2166 876 2248 line,
914 2168 1035 2233 sedin
1058 2168 1174 2233 medio
1199 2189 1289 2233 com-

221 2275 391 2340 mentario
414 2275 514 2339 inest.
572 2275 807 2339 Nihilominus
842 2296 970 2358 magna
995 2297 1040 2364 ex¹
1059 2282 1156 2361 parte
1184 2275 1289 2340 index

222 2388 274 2447 est
298 2389 490 2460 auctorum,
516 2382 577 2466 qui
600 2381 666 2446 hoc
689 2383 727 2445 in
751 2382 999 2447 commentario
1026 2383 1160 2447 excussi
1181 2389 1288 2461 erant,

223 2510 439 2575 quamquam
462 2490 615 2574 primum
639 2489 670 2553 ei
685 2489 750 2554 viri
767 2496 1024 2569 enumerantur,
1050 2490 1112 2574 qui
1129 2489 1181 2554 ‘de
1199 2511 1289 2554 com-

222 2596 394 2682 positione
419 2603 453 2660 et
476 2597 630 2661 numeris
665 2596 871 2681 etpedibus
908 2597 1072 2675 oratoriis,
1109 2603 1149 2661 ut
1173 2595 1289 2662 Cicero

223 2703 313 2781 dicit,
341 2703 551 2788 scripserunt
575 2703 670 2788 apud
695 2701 854 2782 Graecos,
879 2702 1169 2788 Thrasymachus,
1199 2704 1289 2768 Nau-

223 2817 341 2889 crates
368 2808 521 2893 Gorgiae,
546 2809 717 2895 Ephorus,
742 2810 918 2888 Isocrates,
959 2808 1182 2890 Theodectes
1218 2809 1290 2874 Ari-

223 2918 371 2996 stotcleS,
396 2916 600 2982 Theodorus
630 2916 828 3002 Byzantius,
865 2916 1134 3001 Theophrastus,
1171 2917 1290 2981 Hiero-

222 3027 370 3110 nymus'.
453 3023 567 3105 Quam
613 3025 912 3090 enumerationem
961 3030 1071 3088 totam
1117 3030 1207 3089 recte
1255 3045 1290 3088 se

222 3130 349 3196 habere
373 3131 444 3196 iam
468 3153 510 3196 ex
534 3132 582 3196 eis
605 3132 698 3211 leole,
736 3133 797 3216 qui
821 3154 863 3196 ex
887 3130 1059 3197 Ciceronis
1094 3130 1189 3196 libris
1216 3131 1290 3196 rhe-

222 3239 337 3303 toricis
362 3260 382 3303 a
405 3237 536 3303 Rufino
561 3239 722 3324 exscripti
745 3245 836 3317 sunt,
861 3238 1014 3322 intellegi
1037 3244 1160 3323 potest.
1200 3238 1291 3303 Nam

222 3368 255 3430 p.
282 3346 382 3430 574st
418 3345 763 3431 Thrasymachus
797 3346 958 3430 princeps
993 3344 1195 3410 inveniendi
1227 3366 1290 3408 nu-

223 3453 309 3516 meri
332 3453 535 3517 nominatur
558 3475 601 3517 ex
625 3452 691 3518 Cic.
718 3459 801 3517 orat.
829 3453 902 3531 175,
940 3453 997 3516 cui
1020 3450 1205 3535 Gorgias
1228 3451 1290 3516 Le-

223 3559 366 3624 ontinus
391 3560 600 3643 adiungitur,
627 3560 688 3644 qui
711 3560 844 3644 primus
867 3559 1002 3624 invenit
1020 3559 1125 3644 ‘paria
1148 3559 1291 3644 paribus

224 3667 411 3732 coniuncta
435 3674 468 3732 et
492 3667 647 3732 similiter
671 3665 825 3746 delinita,
861 3667 1015 3751 itemque
1040 3667 1218 3732 contrariis
1242 3688 1290 3730 rc-

222 3773 293 3839 lata
329 3775 508 3853 contraria,
546 3795 636 3858 quae
672 3795 735 3839 sua
771 3781 894 3858 sponte
920 3773 1051 3838 cadunt
1084 3773 1291 3858 plerumque

224 3884 428 3947 numerose'.
488 3880 565 3963 Quo
600 3881 677 3946 loco
716 3903 746 3945 v.
786 3882 825 3944 17
863 3881 967 3945 etiam
1007 3881 1049 3944 de
1085 3880 1289 3957 Isocrate,

224 3986 372 4072 Gorgiae
408 3988 587 4073 discipulo,
625 3989 746 4072 agitur,
784 4008 854 4071 quo
890 4008 993 4051 nemo
1029 3988 1066 4051 in
1090 4007 1131 4051 eo
1166 4007 1291 4069 genere

224 4095 387 4159 scientius
422 4102 578 4160 versatus
613 4093 719 4159 luisse
755 4095 889 4174 dieitur,
925 4115 1074 4177 magnus
1110 4099 1224 4158 orator
1259 4099 1292 4156 et

223 4203 296 4286 ipse
321 4200 494 4287 perlectus
517 4203 689 4285 magister,
718 4202 826 4266 ‘cuius
857 4201 982 4266 domus
1019 4206 1163 4265 cunctae
1188 4197 1290 4263 Grae-

224 4310 296 4373 ciae
321 4310 421 4393 quasi
445 4309 549 4374 ludus
567 4309 712 4393 quidam
728 4310 844 4394 patuit
861 4314 966 4393 atque
983 4306 1125 4372 cilicina
1143 4305 1290 4371 dicendi'
