3230 5052
675 531 852 592 „45-

224 709 299 772 eius
324 707 442 773 schola
467 729 502 772 se
527 709 748 773 sustentant:
790 708 977 792 docuitque
1016 710 1054 773 in
1082 709 1215 774 Carinis
1250 710 1295 775 ad

224 815 381 901 Telluris,
405 815 442 879 in
468 837 538 899 qua
561 816 700 898 regione
725 815 970 900 Pompeiorum
1007 814 1132 881 domus
1170 815 1292 885 iuerat.

225 944 264 987 ac
287 929 387 987 tanto
412 943 528 987 amore
576 943 655 1005 erga
701 923 840 1007 patroni
867 924 1072 987 memoriam
1108 924 1228 1001 extitit,
1254 927 1301 988 ut¹

225 1029 429 1095 Sallustium
452 1028 665 1108 historicum,
692 1029 892 1114 quodcum
923 1031 990 1094 oris
1029 1030 1138 1116 probi,
1176 1032 1293 1095 animo

223 1136 452 1202 invericundo
477 1137 675 1221 scripsisset,
701 1136 921 1202 acerbissima
946 1144 1060 1221 satyra
1083 1136 1292 1216 laceraverit,

222 1244 416 1308 lastaurum
441 1250 474 1308 et
497 1241 677 1307 lucronem
701 1250 735 1308 et
770 1243 983 1308 nebulonem
1007 1245 1293 1329 popinonemque

224 1349 414 1436 appellans
440 1357 473 1415 et
496 1350 567 1415 rita
591 1351 796 1435 scriptisque
835 1358 1081 1430 monstrosum,
1117 1358 1293 1436 praeterea

223 1458 445 1543 priscorum
470 1456 725 1542 Catonisque
749 1457 968 1522 verborum
1008 1456 1293 1523 ineruditissi-

223 1586 331 1629 mum
355 1562 514 1628 iurem'.
541 1563 676 1645 Quibus
700 1586 742 1628 ex
765 1564 878 1629 verbis
902 1572 1045 1650 apparet
1069 1587 1150 1629 eum
1189 1565 1293 1630 etiam

222 1669 335 1735 fusius
360 1670 402 1736 de
427 1691 584 1736 sermone
598 1670 807 1736 Sallustiano
821 1672 939 1754 egisse.
964 1672 1124 1736 Lenaeus
1148 1671 1293 1736 aPlinio

223 1798 365 1863 quoque
390 1779 527 1863 saepius
552 1779 677 1842 citatur
701 1779 771 1844 sive
796 1799 868 1842 uno
897 1778 1027 1842 Lenaei
1061 1779 1205 1842 nomine
1230 1780 1291 1861 (sic

221 1883 376 1950 Natural.
401 1885 480 1950 hist.
506 1885 618 1964 24,6r;
651 1885 741 1964 2553
767 1885 822 1964 63)
847 1885 917 1950 sive
936 1884 1292 1950 duobusnominibus

222 1992 410 2077 Pompeius
433 1993 593 2057 Lenaeus
617 1990 671 2074 (cf.
697 1991 849 2057 Natural.
875 1991 953 2057 hist.
981 1992 1115 2071 15,127;
1153 1993 1227 2072 25,5
1259 2001 1290 2056 et

221 2098 336 2164 indice
361 2105 543 2164 auctorum
568 2098 613 2164 ad
635 2098 741 2163 libros
765 2098 843 2177 XX,
883 2098 978 2177 XXI,
1008 2099 1137 2178 XXIII,
1163 2099 1289 2177 XXIV,

221 2205 331 2285 XXV,
361 2205 488 2285 XXVI,
529 2205 684 2289 XXVII),
732 2227 839 2290 quem
885 2207 1159 2294 grammaticum¹
1197 2206 1291 2270 idem

222 2313 534 2379 commentationes
580 2313 773 2378 medicinae
819 2315 856 2377 in
907 2313 1037 2398 praeda
1082 2313 1291 2378 Mitlnidatis

221 2428 373 2508 repertas
396 2422 495 2486 iussu
518 2420 663 2505 Pompei
697 2421 816 2504 Magni
851 2441 1010 2485 sermone
1049 2421 1158 2485 latino
1182 2427 1291 2485 trans-

220 2528 341 2594 tulisse
387 2526 493 2592 tradit
538 2527 578 2591 N.
626 2527 669 2591 H.
702 2526 812 2607 XXV,
840 2529 868 2592 7.
917 2526 1053 2608 Quibus
1100 2549 1142 2592 ex
1187 2527 1291 2593 rebus

220 2637 374 2721 primum
398 2641 493 2719 patet
538 2634 718 2698 Lenaeum
740 2634 886 2720 Pompei
932 2656 1062 2699 nomen
1109 2635 1290 2720 accepisse,

221 2742 347 2808 deinde
372 2740 598 2806 excellentem
622 2742 889 2824 grammaticum
926 2739 1043 2820 luisse,
1080 2741 1291 2807 aSuetonio

219 2851 257 2915 in
280 2850 368 2914 libro
393 2848 436 2914 de
474 2847 665 2916 illustribus
685 2849 918 2931 grammaticis
954 2847 1107 2927 allatum,
1132 2855 1207 2912 tum
1249 2848 1291 2912 dc

221 2955 384 3022 Sallustio
407 2954 537 3020 librum
561 2954 732 3021 malevolo
756 2954 886 3020 iudicio
911 2955 1095 3040 scripsisse.
1145 2954 1213 3019 Sed
1249 2977 1291 3018 ex

219 3061 342 3128 Rufini
386 3062 463 3128 loco
510 3083 613 3147 supra
661 3062 831 3147 descripto
878 3063 1039 3148 apparuit
1084 3062 1289 3147 Pompeium

221 3169 399 3255 quendam
438 3169 664 3234 Messalinum
700 3171 955 3234 accuratissime
997 3168 1150 3234 Sallustii
1173 3171 1290 3252 generi

221 3276 360 3343 dicendi
384 3297 526 3362 operam
539 3275 673 3340 dedisse
699 3283 732 3341 et
756 3277 930 3362 scripsisse
944 3275 986 3340 de
1004 3297 1054 3340 eo.
1070 3275 1289 3360 Quicumque

221 3391 338 3450 autem
384 3384 490 3448 huius
525 3383 670 3469 Pompei
728 3391 927 3469 excerptum
973 3382 1101 3465 legerit,
1127 3382 1192 3446 sibi
1215 3404 1289 3468 per-

220 3490 382 3556 suadebit
422 3498 621 3555 accuratam
658 3489 756 3554 illam
798 3511 1024 3554 numerorum
1060 3489 1289 3554 oratoriorum

221 3597 537 3663 dinumerationem
560 3617 633 3662 non
656 3595 784 3663 iactam
809 3619 891 3675 esse,
917 3605 955 3662 ut
980 3597 1144 3662 orationis
1179 3618 1290 3680 genus

221 3705 376 3771 Sallustii
398 3703 608 3784 laudaretur,
636 3703 732 3790 quod
744 3705 781 3768 in
805 3704 969 3784 clausula,
996 3703 1038 3769 de
1063 3726 1133 3789 qua
1158 3711 1290 3769 certum

219 3813 389 3878 iudicium
440 3813 665 3896 antiquorum
723 3811 903 3892 habemus,
964 3811 1185 3876 choriambus
1239 3821 1290 3876 est

220 3919 450 4005 praecedente
498 3919 664 4004 sponde0,
714 3939 803 4004 quae
850 3918 1005 3983 clausula
1052 3918 1095 3982 ab
1136 3919 1289 4003 antiquis

219 4028 444 4113 vituperatur.
515 4025 674 4111 Exempli
732 4027 840 4109 gratia
887 4023 1032 4090 aiteram
1077 4025 1288 4089 Martianum

220 4132 397 4219 Capellam
444 4134 496 4216 (V,
522 4133 609 4217 522),
658 4135 719 4218 qui
764 4140 894 4198 veteres
942 4139 1099 4196 auctores
1150 4137 1288 4196 secutus

219 4241 419 4320 molossum,
447 4242 545 4306 cuius
569 4240 684 4305 media
708 4239 812 4322 longa
834 4240 873 4302 in
897 4238 984 4304 duas
1019 4238 1140 4304 breves
1176 4237 1288 4302 soluta

219 4354 279 4426 est,
305 4348 371 4412 hoc
396 4355 447 4414 est
460 4347 711 4425 choriambum,
726 4345 952 4411 antecedente
965 4345 1126 4410 trochaeo
1158 4344 1287 4424 laudat,
