3230 5052
777 454 932 516 ,2-

313 630 440 696 deinde
475 652 507 715 p.
545 631 619 707 560,
633 630 782 715 ..g-561,
800 674 829 714 10
864 629 1034 694 nonnulla
1073 652 1115 694 ex
1150 629 1317 696 Sisennae
1353 639 1387 697 et

314 735 432 802 Scauri
468 738 723 803 commentariis
747 738 784 800 in
811 736 985 801 Plautum.
1046 735 1182 817 Quibus
1218 739 1385 823 excerptis

313 867 346 930 p.
365 845 439 923 561,
452 844 629 928 11—564,6
653 865 765 928 pauca
782 843 1023 927 adiunguntur
1040 842 1148 908 Iubae
1171 850 1204 908 et
1220 843 1386 910 Firmiani

270 936 275 947 ¹
314 950 359 1016 ad
397 951 550 1015 Probum
598 950 640 1016 de
686 951 805 1015 metris
846 948 1107 1015 comoediorum
1152 971 1185 1034 p.
1226 951 1383 1036 564,7„.30.

314 1059 349 1122 P.
376 1058 450 1135 565,
463 1101 519 1141 1„ss
544 1059 575 1121 ei
598 1058 662 1122 viri
686 1056 788 1136 docti,
826 1057 886 1142 qui
922 1062 1132 1121 ‘mensuram
1168 1078 1241 1122 csse
1275 1059 1313 1121 in
1337 1057 1384 1122 la-

313 1164 404 1229 bulis
428 1164 580 1229 Terentii
603 1171 637 1229 ct
660 1163 775 1228 Plauti
810 1170 844 1228 et
880 1169 1074 1227 ceterorum
1110 1164 1322 1228 comicorum
1352 1172 1386 1229 et

314 1273 522 1354 tragicorum
539 1270 680 1349 (110006,
699 1270 827 1355 quibus
845 1270 1044 1335 annectitur
1062 1268 1234 1334 distichon
1253 1268 1384 1349 Rufini,

316 1399 386 1462 000
409 1375 531 1442 linitur
555 1376 748 1443 dissertatio
772 1375 815 1442 de
841 1377 959 1441 metris
982 1376 1199 1441 Terentianis
1224 1383 1257 1442 et
1282 1378 1384 1463 expli-

316 1485 405 1549 catio
430 1483 472 1548 de
496 1485 746 1569 compositione
771 1491 805 1548 et
830 1482 872 1548 de
896 1483 1017 1548 metris
1043 1489 1218 1547 oratorum
1234 1506 1268 1568 p.
1283 1485 1385 1569 565,9

314 1592 445 1676 incipit,
471 1612 560 1676 quae
593 1591 791 1656 inscribitur
815 1590 952 1656 ‘Versus
976 1588 1099 1655 Rufini
1122 1589 1161 1655 V.
1188 1589 1222 1654 C.
1259 1589 1384 1656 littera-

315 1699 398 1763 toris
433 1697 476 1764 (10
512 1698 761 1783 compositione
798 1705 832 1762 et
856 1697 899 1762 de
922 1698 1041 1761 metris
1066 1700 1261 1761 oratorum’.
1323 1698 1385 1762 Est

318 1812 436 1871 autem
469 1805 507 1869 in
541 1805 657 1890 plures
692 1812 806 1891 partes
841 1806 977 1890 partita,
1010 1825 1160 1888 quarum
1194 1804 1385 1869 nonnullae

316 1912 434 1979 titulos
458 1912 693 1998 particuliares
717 1912 858 1977 habent.
917 1911 1034 1995 Atque
1058 1918 1137 1995 post
1166 1909 1243 1976 illos
1266 1933 1385 1976 versus

316 2020 467 2104 primum
485 2018 657 2082 Ciceronis
681 2017 733 2082 ‘de
757 2019 912 2082 numeris
936 2019 1104 2082 oratoriis'
1128 2017 1225 2081 locus
1242 2016 1386 2083 affertur

315 2147 348 2210 p.
385 2125 460 2203 561,
473 2124 623 2208 ..O-568,
636 2167 660 2208 3,
698 2146 803 2208 quem
837 2146 870 2209 p.
907 2124 982 2201 568,
995 2168 1064 2208 Η,
1107 2123 1312 2204 Quintiliani
1351 2132 1385 2190 ct

315 2230 493 2296 Diomedis
516 2253 549 2316 p.
568 2231 643 2310 568,
656 2276 741 2315 12-18
758 2231 923 2316 sequitur,
950 2230 1081 2295 deinde
1099 2230 1271 2295 Ciceronis
1287 2231 1407 2300 locus,

316 2344 452 2403 exarte
476 2337 645 2403 rhetorica
681 2337 725 2403 ad
748 2338 967 2403 Herennium
1003 2360 1035 2423 p.
1062 2338 1137 2417 568,
1151 2382 1246 2423 ,9-02,
1279 2361 1383 2424 quem

316 2445 472 2510 eiusdem
506 2445 611 2511 verba
647 2444 689 2510 de
725 2446 904 2510 structuris
940 2445 1118 2529 excipiunt
1154 2467 1196 2509 ex
1229 2444 1317 2510 libro
1342 2445 1384 2510 de

316 2559 448 2616 oratore
472 2574 504 2637 p.
531 2552 605 2630 568,
619 2552 769 2636 ..g—570,
782 2574 828 2636 133
866 2558 1032 2616 secuntur
1055 2551 1160 2616 verba
1184 2573 1226 2616 ex
1250 2558 1384 2617 oratore

315 2681 347 2744 p.
374 2658 677 2743 510,,,-511,.,,,
701 2658 829 2742 quibus
866 2657 982 2722 denuo
1018 2657 1192 2741 quaedam
1232 2681 1274 2723 ex
1296 2659 1384 2723 libro

316 2765 358 2829 de
383 2771 516 2829 oratore
541 2772 776 2830 annectuntur
799 2787 831 2850 p.
858 2765 933 2844 511,
947 2765 1097 2849 0,-512,
1111 2809 1134 2848 5.
1193 2765 1285 2830 Tum
1308 2766 1384 2831 loco

316 2895 357 2937 ex
381 2871 553 2937 Ciceronis
578 2872 685 2938 Bruto
710 2873 815 2937 allato
839 2895 872 2958 p.
899 2873 1067 2956 512,6..,,,
1106 2873 1162 2936 001
1192 2871 1301 2937 Flavii
1326 2872 1383 2936 So-

316 2980 451 3064 sipatris
487 2978 631 3043 Charisii
666 2979 708 3043 de
744 2981 897 3043 numeris
933 2980 1104 3044 sententia
1140 2978 1294 3043 subiecta
1333 2984 1385 3042 est

316 3109 347 3171 p.
374 3087 448 3164 512,
463 3129 558 3170 1,.-.]3,
595 3086 665 3151 duo
690 3085 862 3150 Ciceronis
896 3085 963 3150 loci
987 3108 1029 3150 ex
1062 3085 1149 3150 libro
1183 3084 1225 3149 de
1250 3092 1382 3150 oratore

316 3194 466 3278 excerpti
502 3192 616 3257 collati
651 3199 733 3257 sunt
763 3214 795 3277 p.
832 3193 1123 3277 512,.2,-513,1,.
1194 3193 1385 3278 Postquam

316 3299 480 3365 adiuncta
504 3307 586 3365 sunt
610 3301 714 3364 etiam
738 3299 842 3364 verba
859 3299 1028 3364 Victorini
1052 3298 1105 3364 ‘de
1122 3300 1384 3383 compositione'

316 3429 347 3491 p.
374 3408 447 3486 513,
462 3452 556 3491 ,8-21,
581 3407 645 3472 viri
669 3406 761 3472 docti
785 3413 1046 3484 enumerantur,
1080 3407 1140 3489 001
1165 3404 1217 3468 ‘de
1247 3425 1385 3490 compo-

316 3515 440 3580 sitione
464 3522 498 3579 et
521 3515 674 3578 numeris
710 3522 743 3579 et
778 3514 927 3599 pedibus
964 3513 1129 3578 oratoriis'
1162 3511 1384 3596 scripserunt,

316 3627 387 3684 tam
412 3613 544 3700 Gracci,
570 3622 630 3705 qui
653 3622 690 3684 in
707 3620 880 3685 Ciceronis
904 3620 998 3684 libris
1019 3618 1251 3697 inveniantur,
1278 3640 1385 3703 quam

315 3727 414 3794 latini
437 3749 470 3812 p.
496 3728 570 3806 513,
584 3771 678 3812 22-26.
726 3727 800 3791 lam
824 3748 904 3791 vero
929 3726 1042 3792 verbis
1067 3748 1109 3790 ex
1133 3725 1275 3792 Oratore
1293 3725 1385 3790 Cice-

315 3833 550 3899 ronisdenuo
575 3835 722 3919 sumptis
746 3833 878 3899 collatis
903 3855 934 3919 p.
958 3834 1033 3912 513,
1048 3834 1197 3918 «Ξῖ-515,
1211 3876 1235 3915 ,2,
1260 3832 1384 3896 Teren-

316 3942 402 4007 tiani
424 3963 543 4006 versus
568 3940 811 4006 describuntur
827 3940 869 4005 de
887 3942 1010 4006 cretico
1028 3962 1061 4025 p.
1080 3940 1155 4017 515,
1168 3983 1248 4022 3-11.
1285 3939 1386 4003 Pom·

316 4049 372 4134 pei
386 4046 578 4113 cuiusdam
601 4047 777 4112 Messalini
801 4047 1019 4112 subnectitur
1034 4046 1131 4110 locus
1147 4067 1180 4130 p.
1200 4045 1274 4124 515,
1288 4089 1382 4128 ,0-22,

317 4163 350 4221 et
373 4155 604 4241 05515οΗ,
630 4154 802 4219 Ciceronis
828 4153 879 4218 ‘de
905 4153 1156 4238 compositione
1180 4150 1382 4215 Demosthe-

317 4264 391 4342 nis,
412 4270 506 4348 post
541 4283 630 4346 quae
665 4283 783 4326 rursus
809 4261 945 4326 ‘Versus
968 4257 1090 4324 Rufini
1113 4257 1152 4322 V.
1179 4257 1213 4322 C.
1241 4255 1283 4320 (10
1322 4277 1388 4319 00-

316 4850 708 5002 Δ,
