3230 5052
753 520 932 582 -22-

415 699 463 765 Ut
488 699 657 764 ‘Donatus
692 698 754 782 qui
789 704 822 762 ct
857 697 1032 762 Sacerdos'
1057 698 1105 762 ita
1131 697 1299 763 ‘Donatus
1322 691 1380 762 vel

311 806 458 889 Sergius
494 804 647 888 intellegi
682 811 826 890 oportet.
874 805 963 869 Nam
999 805 1082 888 quia
1113 803 1251 887 Sergius
1287 825 1376 869 com·

309 920 470 978 mentum
508 913 545 977 in
579 913 710 977 Donati
745 917 834 975 artos
868 911 1012 996 scripsit,
1049 909 1125 975 iieri
1159 911 1290 997 potuit,
1338 919 1377 976 nt

310 1020 440 1084 Donati
487 1019 777 1084 commentarium
824 1040 904 1082 cum
944 1017 1138 1083 Sacerdotis
1183 1019 1221 1082 in
1265 1038 1377 1082 unum

310 1126 587 1208 coniungantur,
613 1147 702 1210 quae
726 1147 779 1189 res
804 1145 844 1190 eo
869 1123 1104 1208 confirmatur,
1130 1124 1226 1209 quod
1247 1124 1376 1190 Cassio-

311 1232 428 1297 dorius
453 1231 512 1296 GL
537 1232 601 1297 VH
624 1255 647 1317 p
673 1233 773 1316 144,7
800 1232 977 1310 ‘Donatus
1013 1231 1138 1316 inquit,
1175 1252 1256 1296 cum
1287 1252 1376 1297 com-

309 1340 436 1404 mentis
490 1340 581 1404 suis’.
651 1339 785 1404 Eodem
838 1338 943 1403 modo
995 1339 1099 1403 etiam
1146 1337 1377 1404 elocutionem

311 1446 480 1511 ‘Donatus
504 1446 559 1510 vel
584 1445 742 1512 Scaurus'
774 1445 1018 1510 declarandam
1053 1467 1126 1510 esse
1161 1453 1257 1530 pute,
1295 1447 1377 1529 quia

311 1552 469 1631 Scaurus,
507 1575 587 1617 cum
623 1559 710 1618 esset
742 1575 835 1617 unus
859 1552 901 1617 de
926 1552 1121 1617 clarissimis
1145 1554 1377 1635 grammaticis

311 1659 407 1724 urbis
430 1661 572 1739 Romae,
598 1682 678 1725 eum
694 1661 832 1725 Donato
857 1681 876 1725 a
900 1658 1148 1744 posterioribus
1173 1659 1377 1744 artigraphis

309 1767 476 1850 coniungi
488 1767 640 1852 potuitl)
687 1767 762 1832 Tali
778 1789 820 1832 ex
837 1767 963 1844 codice,
978 1767 1118 1851 qualem
1136 1765 1376 1831 Cassiodorius

311 1873 483 1954 formavit,
508 1875 692 1939 verisimile
717 1881 768 1939 est
792 1875 897 1939 etiam
913 1875 1042 1939 Donati
1064 1873 1181 1939 locum
1205 1873 1248 1938 de
1273 1879 1376 1939 struc-

309 1981 395 2046 turis
420 1987 453 2045 et
476 1980 626 2065 pedibus
651 1981 807 2046 oratoriis
832 2003 1016 2046 excussum
1041 1979 1207 2046 aRulino
1223 2002 1255 2066 p.
1275 1982 1376 2065 5722

310 2085 453 2152 fluxisse
501 2085 555 2167 (ci.
593 2087 680 2152 Keil.
719 2086 777 2152 GL
803 2087 859 2166 IV,
895 2109 927 2172 p.
960 2087 1376 2171 XXXVI-XXXVH).²l

416 2193 548 2260 Ultimo
565 2193 641 2259 loco
659 2216 717 2259 eos
733 2195 824 2261 viros
842 2195 1050 2272 enumerari,
1077 2214 1227 2279 quorum
1251 2195 1376 2280 scripta

310 2321 425 2385 neque
462 2300 636 2366 aRuiino
672 2323 815 2367 excussa
850 2323 965 2387 neque
1000 2301 1102 2366 nobis
1126 2308 1259 2366 servata
1284 2309 1375 2380 sunt,

312 2408 374 2491 qni
420 2414 502 2472 sunt
547 2408 585 2472 hi
618 2409 764 2487 Vindex,
812 2407 975 2486 Albinus,
1023 2408 1207 2473 Arruntius
1246 2407 1374 2488 Celsus,

309 2513 487 2579 Helonius.

415 2620 586 2684 Vindex
611 2642 630 2685 a
654 2619 785 2685 Rufino
802 2620 970 2686 Caecilius
994 2622 1196 2688 nominatus
1220 2629 1280 2702 est,
1306 2645 1376 2708 quo

309 2727 451 2790 nomine
491 2727 596 2792 etiam
633 2729 671 2791 in
710 2727 827 2792 codice
862 2726 949 2793 ialso
986 2734 1128 2794 ornatus
1164 2736 1244 2809 erat,
1282 2730 1375 2795 unde

309 2832 547 2899 Cassiodorius
571 2857 621 2915 ea,
647 2857 736 2920 quae
761 2833 856 2900 GLK
872 2835 936 2900 VH
959 2857 991 2922 p.
1017 2836 1134 2920 206,16
1151 2859 1200 2922 sq.
1217 2838 1374 2920 legimus,

308 2941 486 3025 excerpsit,
511 2947 559 3022 ut,
593 2964 673 3007 cum
697 2942 764 3008 alia
787 2944 825 3007 in
849 2942 956 3008 altero
981 2943 1107 3022 codice,
1145 2965 1214 3028 quo
1238 2943 1377 3009 Vindici

310 3053 400 3112 recte
425 3047 612 3113 Caesellius
636 3070 767 3113 nomen
791 3050 912 3115 datum
938 3057 1018 3128 erat,
1044 3051 1232 3116 invenisset
1257 3049 1310 3134 (ci.
1328 3051 1373 3116 ib.

308 3175 340 3239 p.
379 3154 508 3237 20218)
545 3154 633 3219 duos
669 3155 874 3220 Caesellium
914 3164 947 3221 et
987 3156 1175 3222 Caecilium
1213 3157 1375 3223 Vindices

309 3259 526 3325 discerneret.
576 3260 673 3342 Quae
698 3283 779 3326 cum
802 3263 850 3327 ita
875 3263 952 3342 sint,
984 3262 1060 3329 lieri
1083 3286 1156 3329 non
1180 3271 1302 3351 potest,
1337 3275 1375 3331 ut

309 3366 404 3452 apud
427 3366 599 3432 Rufinum
628 3389 757 3433 nomen
781 3368 910 3435 librarii
934 3393 1044 3436 errore
1069 3380 1271 3458 corruptum
1295 3394 1374 3437 cum

308 3473 421 3538 Keilio
446 3473 684 3540 defendamus.

413 3580 464 3644 De
490 3579 654 3645 Caesellio
678 3582 832 3662 Vindice,
859 3585 915 3648 cui
938 3583 1183 3664 Cassiodorius
1209 3586 1271 3652 ubi
1295 3609 1374 3652 eum

419 3809 445 3876 1)
466 3811 561 3863 Etiam
591 3813 663 3864 alibi
683 3814 796 3866 similes
816 3815 999 3868 elocutiones
1019 3817 1212 3883 reperiuntur,
1243 3822 1274 3870 ut
1295 3818 1374 3873 (lLK

308 3915 335 3965 p.
346 3897 430 3969 toa2
450 3901 702 3954 ‘metamorfoseos
723 3903 828 3969 dictos
848 3920 922 3968 quos
937 3904 1063 3957 Ovidius
1078 3907 1195 3972 scripsit
1215 3908 1307 3960 libros
1321 3909 1375 3960 XV

308 3989 355 4040 vel
374 3989 527 4054 Apuleius'
557 3995 586 4042 et
606 3991 691 4057 Corp.
710 3995 791 4046 Jnsc.
811 3993 905 4047 Rhen.
925 3993 976 4047 801
1007 3997 1224 4059 ‘grammaticus
1253 4014 1374 4062 graecus

307 4077 452 4130 Aemilius
471 4080 624 4145 Epictetus
645 4081 707 4134 sive
727 4080 902 4136 Hedonius’.

413 4167 442 4237 2)
461 4168 633 4235 Sabbadini‚
655 4170 736 4222 studi
765 4172 826 4226 ital.
856 4171 886 4223 di
914 4173 988 4226 filol.
1019 4175 1104 4228 class.
1134 4175 1178 4226 Ill
1197 4193 1224 4241 p.
1245 4175 1297 4228 339
1316 4176 1372 4228 hoc

305 4257 409 4308 Rufini
437 4259 503 4310 loco
530 4264 695 4311 commotus
715 4261 833 4312 Donato
854 4262 990 4314 attribuit
1010 4264 1161 4329 proprium
1181 4265 1317 4317 libellum
1336 4263 1373 4317 de

305 4351 368 4397 arte
388 4346 543 4402 rhetorica.

1591 4189 1596 4434 l
