3230 5052
330 1549 440 1665 Inter
464 1607 622 1666 auctores
646 1603 727 1666 artis
750 1603 910 1667 metricae
934 1604 971 1666 in
995 1602 1146 1668 editione
1177 1625 1286 1687 gram-

223 1709 429 1774 maticorum
464 1707 651 1774 latinorum
679 1716 702 1773 t.
728 1709 775 1773 VI
809 1731 841 1794 p.
867 1710 1020 1773 554-Ῑὸ
1056 1709 1099 1774 51)
1135 1711 1286 1775 Η55555

222 1814 337 1880 Κ51115
361 1822 478 1880 curata
503 1814 573 1879 duo
598 1816 837 1881 commentarii
859 1817 1000 1880 nomine
1017 1814 1138 1884 Rufini
1158 1838 1285 1881 memo-

223 1922 294 1986 riae
317 1921 435 1986 traditi
457 1929 547 1988 sunt.
595 1921 752 2003 Quorum
776 1923 1103 1988 commentariorum
1137 1923 1287 2008 pretium

226 2049 442 2113 quamquam
488 2036 623 2115 praeter
669 2029 754 2094 alios
791 2029 1000 2094 Ritschelius
1042 2031 1213 2113 cognorit,
1253 2039 1292 2094 ut

225 2134 359 2218 Parerg.
385 2135 495 2200 Plaut.
520 2135 545 2214 Ι,
570 2157 647 2221 pag.
673 2137 739 2200 374
763 2136 945 2220 ‘praeclara
968 2134 1090 2201 Rufini
1124 2141 1292 2222 excerpta'

200 2241 449 2332 praedicaret,
485 2264 590 2308 nemo
614 2244 697 2309 satis
721 2243 835 2308 adhue
871 2264 929 2307 eos
964 2250 1199 2329 perscrutatus
1234 2252 1294 2309 est.

226 2348 396 2435 Proposui
411 2350 516 2433 igitur
532 2349 619 2414 mihi
635 2357 831 2415 accuratam
846 2350 1149 2433 investigationem
1162 2371 1292 2415 eorum.

334 2455 629 2521 Commentarium
665 2455 787 2522 Rufini
820 2457 887 2522 hoc
910 2456 1016 2521 modo
1040 2463 1091 2521 est
1127 2459 1295 2542 composi-

226 2570 318 2628 tum:
343 2564 497 2649 primum
520 2563 668 2647 legimus
690 2586 723 2648 p.
742 2565 917 2628 554—558
941 2570 1101 2648 excerpta
1121 2563 1294 2648 quaedam

229 2670 271 2735 de
294 2671 413 2736 metris
436 2671 589 2736 Terentii
612 2678 645 2736 et
669 2670 784 2736 Plauti
806 2678 840 2736 et
868 2678 1059 2736 ceterorum
1084 2671 1295 2734 comicorum

230 2785 263 2842 et
285 2779 495 2861 tragicorum
519 2785 701 2863 poetarum
726 2800 768 2842 ex
791 2778 866 2842 aliis
889 2778 1130 2860 grammaticis,
1168 2778 1229 2861 qui
1253 2777 1295 2842 dc

231 2905 266 2948 re
289 2885 429 2951 metrica
454 2885 673 2969 scripserunt,
697 2907 730 2969 p.
757 2885 831 2963 554,
844 2929 900 2969 Η,
939 2906 981 2948 ex
1003 2882 1170 2948 Euanthii
1206 2905 1296 2950 com-

229 2992 398 3056 mentario
438 2991 589 3056 Terentii
625 2990 667 3056 (15
702 2989 831 3070 fabula,
866 3014 900 3076 p.
937 2992 1011 3068 555,
1025 3035 1079 3074 Η
1116 3013 1158 3054 ex
1195 2990 1297 3076 Aspri

230 3099 479 3164 commentario
503 3098 663 3177 Terentii,
700 3122 732 3185 p.
759 3100 834 3177 555,
847 3143 917 3183 5-10
952 3120 994 3162 ex
1017 3096 1196 3161 Diomedis
1225 3105 1297 3163 arte

230 3206 464 3288 grammatica,
489 3228 522 3290 p.
549 3207 722 3290 555,1Ηῦ
747 3229 789 3270 ex
811 3205 907 3270 libris
923 3204 1086 3269 Varronis
1111 3203 1153 3267 (15
1177 3203 1297 3286 lingua

230 3311 339 3378 latina
375 3311 418 3377 ad
443 3312 654 3392 Marcellum,
690 3335 723 3398 p.
749 3314 824 3390 555,
837 3357 920 3397 M
958 3333 1000 3375 ex
1035 3310 1180 3376 Charisii
1216 3319 1296 3390 arte,

230 3441 264 3504 p.
290 3420 364 3497 555,
378 3419 555 3503 ρ,-556,6
591 3441 633 3484 ex
667 3419 766 3485 Bassi
800 3419 845 3484 ad
867 3419 1041 3483 Neronem
1077 3416 1119 3481 de
1146 3417 1296 3482 iambico

232 3526 368 3612 scripto,
394 3548 426 3611 p.
453 3526 528 3605 556,
541 3572 610 3612 Η,
636 3528 703 3593 5115
728 3527 799 3591 (150
814 3525 1039 3591 Varroniana.
1075 3523 1191 3608 Atque
1208 3531 1299 3609 post-

231 3654 340 3717 quam
375 3655 407 3718 p.
434 3634 605 3718 551118.21
643 3635 686 3698 Μ.
719 3633 853 3698 Tullius
889 3631 1016 3709 (115555,
1052 3629 1298 3712 Quintilianus,

232 3739 372 3805 Flauius
412 3740 522 3826 Caper
561 3742 822 3808 commemorati
867 3746 965 3818 sunt,
1011 3738 1183 3804 habemus
1221 3759 1298 3822 pag.

235 3846 310 3925 556,
324 3849 503 3933 2,-558,6
541 3848 634 3914 (1555
671 3849 767 3914 locos
803 3871 844 3913 cx
878 3847 1047 3912 Victorini
1074 3853 1145 3910 arte
1182 3843 1304 3910 allatos

234 3954 296 4037 qui
319 3955 539 4040 excipiuntur
562 3978 582 4021 a
605 3956 770 4034 versibus
796 3962 834 4020 ut
857 3954 959 4033 rituli,
984 3954 1046 4038 qui
1068 3953 1101 4017 h.
1119 3952 1140 4016 1.
1164 3952 1299 4034 legitur,

233 4060 347 4126 verbis
371 4069 459 4142 utar,
494 4061 617 4128 Rufini
639 4063 855 4146 grammatici
878 4060 920 4126 (15
943 4061 1062 4126 metris
1085 4058 1236 4124 Terentii
1267 4065 1299 4121 et

234 4167 349 4234 Plauti
384 4175 417 4234 et
453 4177 644 4235 ceterorum
679 4193 711 4256 p.
748 4170 823 4250 558,
836 4168 970 4255 ἵ-560,
984 4213 1007 4251 g.
1063 4165 1301 4231 Subsecuntur

234 4295 267 4358 p.
294 4275 368 4356 560,
382 4321 451 4362 W
476 4277 674 4343 Terentiani
709 4299 827 4342 versus
862 4276 904 4341 de
939 4275 1063 4340 iambis
1091 4271 1299 4349 fabularum,

1090 4397 1104 4448 1
