3230 5052
745 517 922 582 ,68-

407 697 543 762 Primus
568 702 619 761 est
643 693 889 776 Quintilianus
915 717 1020 780 quern
1048 696 1139 761 hanc
1175 696 1366 764 clausulam

300 816 400 872 recte
414 804 628 891 perspexisse
652 801 822 881 videmus,
859 802 921 887 qui
943 802 1003 882 IX,
1037 804 1069 882 4,
1091 803 1150 868 97:
1189 806 1368 890 ‘spondius

301 934 451 999 quoque,
477 911 601 995 inquit,
627 930 697 995 quo
713 908 904 994 plurimum
929 916 980 974 est
994 909 1248 987 Demosthenes
1261 896 1366 992 usne,

228 1083 230 1089 .
301 1041 374 1086 non
398 1018 521 1084 eodem
544 1015 649 1081 modo
674 1037 810 1101 semper
833 1037 868 1081 se
892 1015 1014 1082 habet:
1040 1017 1170 1102 optime
1193 1020 1369 1104 praecedit

302 1147 384 1192 eum
420 1125 574 1202 creticus,
610 1128 650 1187 ut
672 1123 710 1187 in
733 1122 819 1187 hoc:
856 1121 898 1188 de
935 1143 1005 1207 qua
1040 1144 1103 1206 ego
1138 1124 1226 1189 nihil
1255 1125 1368 1193 dicam

302 1235 370 1298 nisi
408 1229 607 1317 depellendi
645 1229 798 1294 criminis
837 1230 961 1295 causa'.
1025 1228 1093 1294 Sed
1132 1229 1368 1312 Quintilianus

302 1339 494 1407 clausulam
519 1336 744 1423 spondiaeam
768 1335 994 1402 antecedente
1024 1338 1147 1405 cretico
1182 1360 1255 1404 non
1290 1362 1368 1406 ean-

303 1448 383 1514 dem
406 1451 508 1531 putat
532 1464 639 1529 quam
662 1442 874 1508 trochaicam
910 1465 991 1509 cum
1014 1444 1137 1509 eodem
1172 1445 1261 1530 pede
1290 1468 1368 1512 con-

302 1556 475 1630 iunctam;
511 1572 595 1616 nam
618 1572 661 1616 ex
683 1549 769 1628 loco,
807 1572 913 1635 quem
946 1550 1094 1635 legimus
1117 1552 1176 1631 IX,
1201 1553 1233 1633 4,
1253 1553 1296 1618 93
1319 1555 1369 1619 in-

302 1661 462 1745 tellegere
485 1678 673 1744 possumus
698 1679 779 1722 eum
803 1655 1036 1723 differentiam
1065 1679 1138 1724 esse
1173 1661 1263 1726 inter
1296 1660 1368 1726 lon-

304 1789 385 1852 gam
423 1766 584 1832 ultimam
623 1770 656 1829 et
690 1763 832 1829 brevem
867 1765 1050 1830 censuisse.
1109 1766 1153 1832 Et
1188 1788 1259 1852 quo
1293 1767 1369 1833 loco

299 1873 420 1961 pedes,
446 1872 508 1964 qui
530 1871 733 1937 trochaeum
757 1871 979 1957 praecedunt,
1005 1873 1173 1953 nominat,
1206 1875 1366 1940 creticum

305 1981 441 2046 silentio
455 1977 636 2065 praeterit,
673 1986 712 2044 ut
735 1984 857 2063 putare
882 1978 983 2043 nobis
1007 1978 1107 2045 liceat
1135 1981 1298 2046 creticum
1323 1988 1369 2047 at-

306 2109 374 2173 que
397 2086 600 2152 trochaeum
623 2106 685 2171 pro
709 2085 803 2150 bona
827 2085 982 2151 clausula
1006 2107 1087 2151 eum
1103 2108 1175 2152 non
1195 2087 1368 2153 habuisse.

306 2192 409 2275 Quod
433 2194 549 2272 sciam,
575 2191 764 2257 clausulam
781 2225 865 2246 -υ-
879 2225 934 2246 -υ
959 2193 1092 2278 primus
1115 2192 1235 2259 laudat
1258 2193 1370 2259 Victo·

305 2301 402 2366 rinus
425 2301 462 2364 in
485 2297 607 2364 Rufini
631 2299 879 2365 commentario
904 2321 936 2385 p.
963 2300 1037 2379 573,
1051 2344 1088 2384 18,
1126 2322 1232 2386 quem
1255 2300 1371 2365 locum

306 2428 410 2493 supra
445 2428 522 2494 pag.
548 2407 590 2470 38
615 2405 788 2491 descripsi.
847 2406 970 2491 Itaque
994 2405 1165 2471 Rufinum
1199 2408 1266 2472 hoc
1295 2407 1371 2473 loco

306 2514 475 2581 Victorini
509 2515 718 2579 sententiam
740 2514 778 2577 in
800 2535 920 2578 versus
943 2513 1114 2597 redegisse
1149 2521 1245 2600 puto,
1276 2536 1371 2600 prae·

288 2621 423 2690 sertim
459 2641 539 2685 cum
573 2620 609 2683 in
644 2620 756 2706 priore
781 2640 922 2705 quoque
958 2621 1206 2686 commentario
1229 2620 1371 2687 Victori-

306 2749 394 2792 num
430 2734 568 2793 secutus
593 2727 645 2792 sit.
692 2724 809 2811 Atque
845 2726 915 2792 duo
939 2726 1054 2792 ultimi
1087 2750 1207 2794 versus
1242 2749 1371 2806 eorum,

307 2854 396 2918 quos
432 2854 536 2920 supra
570 2856 603 2919 p.
640 2833 683 2899 66
719 2835 862 2914 excussi,
899 2833 986 2898 mihi
1021 2855 1093 2900 non
1128 2855 1170 2899 ex
1201 2833 1374 2900 Ciceronis

306 2940 394 3006 libro
419 2941 602 3026 compositi
619 2963 691 3006 esse
707 2940 879 3020 videntur,
905 2941 988 3026 quia
1003 2941 1249 3006 Demosthenis
1265 2949 1373 3007 artem

308 3055 616 3114 commemoratam
650 3069 828 3133 nusquam
862 3049 1006 3134 repperi,
1043 3049 1105 3114 ubi
1122 3033 1123 3036 ¹
1140 3048 1182 3113 de
1219 3048 1374 3134 spondeo

307 3156 429 3238 agitur,
467 3154 528 3220 sed
562 3156 705 3241 primus,
743 3155 838 3239 quod
863 3156 978 3234 sciam,
1016 3154 1252 3237 Quintilianus
1279 3156 1374 3222 hunc

307 3261 553 3328 Demosthenis
577 3282 680 3327 usum
705 3263 925 3348 pertractavit
949 3264 998 3328 eis
1021 3262 1115 3342 locis,
1152 3283 1240 3348 quos
1271 3285 1375 3349 supra

307 3391 340 3453 p.
366 3369 408 3433 30
445 3368 617 3455 descripsi.
677 3368 744 3435 Sed
783 3390 870 3433 num
893 3367 1045 3434 Rufinus
1079 3369 1146 3435 illis
1170 3367 1376 3450 Quintiliani

307 3474 391 3540 locis
426 3498 511 3541 usus
546 3477 658 3542 sitan
690 3476 764 3543 aliis
800 3497 943 3541 suorum
977 3474 1130 3542 fontium
1165 3476 1373 3555 auctoribus

310 3580 498 3647 diiudicare
521 3603 669 3667 nequeo.

417 3686 554 3753 Ceteros
578 3709 698 3753 versus
722 3711 764 3753 ex
788 3689 962 3755 Ciceronis
985 3688 1081 3754 libris
1104 3689 1281 3754 rhetoricis
1311 3687 1375 3754 flu-

309 3794 399 3857 xisse
422 3793 556 3859 Keilius
580 3800 670 3860 recte
695 3797 865 3878 cognovit.
913 3795 957 3860 Et
981 3795 1149 3880 quoniam
1172 3795 1260 3862 nihil
1294 3797 1377 3861 novi

311 3899 353 3963 de
388 3899 454 3964 hac
488 3922 524 3965 re
559 3898 710 3986 proferre
745 3922 899 3988 possum,
936 3901 978 3966 de
1018 3902 1182 3968 omnibus
1219 3902 1376 3968 versibus

311 4027 501 4092 eorumque
525 4005 681 4072 fontibus
706 4029 804 4092 agere
830 4008 1045 4094 supersedeo,
1072 4031 1153 4074 cum
1175 4010 1377 4096 praesertim

311 4134 404 4177 unus
439 4113 597 4200 quisque,
634 4115 696 4199 qui
731 4121 938 4201 apparatum
977 4117 1134 4182 criticum
1171 4117 1376 4202 inspexerit,

312 4219 378 4285 sibi
412 4218 511 4286 facile
545 4242 773 4307 persuasurus
809 4223 852 4288 sit
882 4222 1035 4290 Keilium
1069 4230 1160 4289 recte
1195 4222 1375 4288 iudicasse.

311 4326 477 4393 Attamen
500 4350 612 4393 unum
635 4328 690 4394 vel
714 4328 861 4394 alterum
883 4329 1001 4396 locum
1025 4331 1207 4408 excutiam,
1243 4335 1282 4394 ut
1307 4349 1377 4394 om-

687 4706 948 4807 με*
