3230 5052
665 587 842 650 „55-

220 764 347 844 (licere,
375 771 550 850 quatenus
573 765 611 828 in
636 763 851 830 orationibus
875 770 1013 830 secutus
1045 764 1096 829 sit.
1144 762 1284 848 Argent.

221 873 305 939 1881
330 894 363 958 p.
392 872 442 938 10.
491 871 582 937 Nam
602 877 794 956 ,postquam
817 870 860 935 de
883 871 927 936 M.
945 870 1053 936 Fabio
1071 869 1285 962 Quintiliano

219 980 300 1064 egit:
328 977 447 1044 ‘Multo
471 979 597 1058 minus,
620 978 745 1064 inquit,
770 999 878 1064 quam
900 977 1048 1044 Fabium
1072 984 1202 1044 ceteros
1226 978 1287 1063 qui

219 1087 382 1172 deinceps
406 1087 566 1151 vixerunt
600 1085 754 1151 rhetores
788 1084 896 1150 libero
932 1084 1063 1151 dehac
1097 1107 1134 1152 11
1157 1085 1285 1150 iudicio

219 1215 300 1259 usos
325 1215 399 1258 esse
423 1191 517 1257 facili
540 1193 679 1276 negotio
708 1191 774 1257 sibi
797 1193 945 1277 quisque
968 1191 1199 1278 persuadebit,
1226 1193 1287 1278 qui

219 1321 344 1386 corpus
367 1300 546 1365 rhetorum
569 1298 757 1364 latinorum
781 1299 967 1364 minorum
992 1298 1036 1364 ab
1060 1298 1200 1365 Halmio
1230 1320 1285 1364 eu-

218 1413 333 1472 ratum
356 1427 551 1491 percmrere
568 1405 723 1472 voluerit.
767 1404 886 1491 Atque
910 1412 949 1471 ut
964 1404 1156 1471 multorum
1178 1407 1287 1471 instar

219 1535 330 1578 unum
354 1511 505 1598 proferre
540 1513 627 1577 mihi
648 1513 751 1578 liceat
785 1512 984 1598 exemplum
1007 1510 1137 1592 Rufini,
1173 1513 1285 1599 primo

218 1620 345 1685 obtutu
368 1619 478 1705 liquet
502 1641 583 1686 eum
606 1619 711 1685 verba
728 1618 900 1686 Ciceronis
923 1619 1028 1685 libere
1053 1620 1285 1704 circumscrip-

219 1727 301 1792 sisse
325 1727 504 1792 versibus)
555 1725 651 1808 Quae
675 1727 823 1792 Wuestii
846 1727 1017 1792 sententia
1041 1748 1061 1791 a
1084 1725 1186 1791 nobis
1209 1747 1285 1812 pro-

217 1833 293 1899 bari
320 1855 394 1898 non
417 1839 542 1918 potest,
580 1835 662 1918 quia
686 1831 857 1898 Rufinum
891 1855 964 1898 non
999 1834 1130 1918 ubique
1155 1831 1284 1898 Cicero·

217 1961 299 2005 nem
324 1947 485 2006 secutum
512 1962 586 2005 esse
609 1940 814 2006 videbimus.
873 1939 988 2025 Atque
1023 1941 1176 2026 primum
1212 1941 1284 2025 qui·

218 2047 299 2112 dem
321 2048 574 2131 investigemus
597 2049 634 2112 in
657 2069 777 2114 versus
799 2070 833 2133 p.
858 2047 964 2132 565,22
988 2068 1053 2132 sq.:

261 2153 395 2220 Doctus
419 2153 623 2220 Aristoteles
646 2176 817 2240 paeanem
840 2154 960 2220 laudat
984 2160 1186 2238 utrumque:

263 2283 282 2326 a
306 2261 412 2345 longa
436 2261 611 2346 incipiens
635 2261 823 2347 primordia
846 2260 990 2346 pulchra
1013 2260 1151 2339 locabit,

264 2368 435 2453 ‘aspicere’
454 2373 494 2433 ut
512 2367 659 2432 verbum
684 2375 744 2446 est,
770 2369 960 2433 contrarius
975 2367 1032 2432 ille
1049 2388 1240 2452 supremus.

262 2472 396 2538 Tullius
421 2474 516 2539 hune
542 2473 672 2554 laudat,
699 2475 755 2539 cui
779 2475 822 2540 sit
845 2474 1060 2560 paenultima
1083 2474 1188 2558 longa

264 2583 357 2644 ‘esse'
383 2581 569 2646 trochaeus
594 2580 700 2660 adest,
728 2579 903 2646 ‘videatur’
928 2582 1049 2648 tertius
1072 2581 1138 2660 ille,

263 2708 368 2772 quem
393 2709 531 2774 paeana
555 2694 656 2754 vocat
679 2687 787 2752 Musis
811 2687 936 2753 devota
959 2694 1122 2753 vetustas.

261 2793 317 2859 hic
342 2793 511 2859 membris
536 2814 704 2859 numerus
727 2793 856 2874 melior,
883 2795 1061 2860 1111111111
1084 2794 1198 2878 longa.

29 2848 32 2867 Ι
63 2913 65 2920 ’
146 2947 150 2955 .
218 2899 313 2982 Quos
349 2900 394 2966 ad
432 2922 553 2966 versus
577 2900 712 2966 Keilius
736 2900 880 2966 adnotat
903 2890 1074 2966 Rufinum
1097 2900 1290 2967 Aristotelis

218 3009 428 3073 sententiam
466 3008 590 3073 rhetor.
617 3007 719 3087 HI,8
757 3029 777 3073 1
805 3006 967 3082 Cicerone
1003 3008 1046 3074 d'o
1071 3014 1205 3073 oratore
1228 3007 1286 3085 HI,

217 3115 270 3194 47,
298 3115 365 3192 183Ι
399 3115 572 3200 petivisse,
610 3136 716 3200 quem
749 3114 867 3180 locum
900 3115 1057 3180 versibus
1093 3136 1287 3200 opponam:

220 3220 401 3287 ‘Probatur
417 3229 538 3286 autem
562 3223 606 3287 ab
624 3221 748 3288 eodem
763 3221 821 3287 illo
847 3225 903 3307 [sc.
920 3222 1114 3306 Aristotele]
1139 3223 1289 3287 maxime

218 3348 341 3421 paeon,
368 3329 430 3413 qui
453 3336 504 3393 est
523 3327 665 3414 duplex:
691 3350 774 3394 nam
797 3336 858 3394 aut
882 3328 1022 3413 elonga
1039 3330 1155 3408 oritur,
1182 3350 1289 3414 quam

217 3442 285 3500 tres
309 3435 433 3500 breves
451 3442 723 3520 consequuntur,
749 3443 790 3500 ut
810 3436 897 3501 haec
920 3435 1034 3516 verba,
1059 3435 1215 3515 desinite,
1240 3436 1289 3500 in-

218 3543 330 3628 cipite,
368 3542 603 3628 comprimite3
640 3549 700 3608 aut
736 3565 755 3608 a
783 3542 946 3609 brevibus
971 3543 1134 3629 deinceps
1167 3542 1288 3622 tribus,

218 3655 371 3714 extrema
388 3649 559 3734 producta
590 3657 695 3735 atque
719 3649 833 3734 longa,
859 3650 947 3716 siout
969 3649 1028 3716 1111
1052 3660 1143 3730 sunt,
1169 3649 1290 3715 domu-

218 3763 325 3834 erant,
351 3756 544 3841 sonipedes.
596 3755 711 3842 Atque
746 3757 795 3822 illi
817 3757 1026 3843 philosopho
1051 3756 1155 3823 ordiri
1177 3757 1291 3842 placet

218 3883 238 3927 1
256 3861 431 3948 superiore
448 3884 592 3949 paeone,
619 3865 810 3949 posteriore
830 3862 951 3928 finire.'
999 3863 1068 3929 Sed
1083 3864 1168 3930 haec
1185 3864 1290 3930 verba

217 3968 430 4055 respondent
466 3971 587 4055 primis
623 3970 736 4036 tribus
761 3970 925 4049 versibus,
963 3991 1043 4035 cum
1077 3970 1291 4056 reliquorum

217 4068 360 4142 fontem¹
376 4076 512 4142 Keilius
538 4079 690 4160 assignet
714 4077 830 4143 locum
853 4077 957 4142 Probi
991 4078 1029 4142 in
1053 4076 1176 4142 eodem
1200 4098 1290 4142 oom-

217 4184 387 4248 mentario
412 4205 445 4268 p.
474 4184 566 4268 5718
596 4185 750 4264 citatum,
787 4183 924 4269 dequo
949 4205 1053 4270 supra
1088 4207 1120 4270 p.
1148 4184 1189 4248 32
1226 4186 1289 4268 egi.

218 4287 295 4355 Hoc
332 4311 475 4375 quoque
505 4292 833 4357 commemoratione
864 4291 1009 4375 dignum
1045 4298 1096 4356 est
1118 4289 1290 4356 Rufinum

217 4417 390 4481 paeonem
414 4419 486 4462 non
513 4396 639 4482 pedem
664 4397 725 4463 sed
740 4419 927 4476 numerum
950 4397 1141 4484 appellasse
1165 4397 1288 4464 ultimo
1322 4469 1324 4475 ,

1109 4523 1125 4574 ἶ)
