3230 5052
775 507 953 569 ,48-

327 685 456 768 dissel)
491 685 623 752 Vocula
648 692 765 750 autem
791 683 955 750 ‘totidem'
981 685 1067 769 quin
1091 683 1136 748 ad
1152 682 1285 768 aliquid
1300 705 1395 768 prae·

327 793 453 858 cedens
491 793 651 878 respiciat
686 791 845 857 dubitare
880 811 984 856 nemo
1019 797 1142 876 potest.
1196 791 1286 874 Ergo
1315 812 1395 855 cum

326 902 363 964 in
387 900 462 965 loco
488 922 507 965 a
530 898 661 964 Rufino
687 899 858 984 descripto
883 898 971 963 nihil
995 905 1055 976 est,
1086 897 1130 962 ad
1154 897 1251 982 quod
1273 918 1395 962 vocem

328 1007 492 1073 ‘totidem'
510 1006 708 1085 referamus
734 1005 820 1070 mihi
842 1026 1048 1091 persuasum
1073 1011 1227 1070 estante
1259 1026 1394 1090 excerp-

326 1123 402 1179 tum
427 1136 446 1179 a
470 1112 600 1178 Rufino
625 1121 799 1178 servatum
824 1134 844 1177 a
867 1112 1021 1177 Vonone
1057 1119 1175 1178 actum
1209 1110 1315 1176 fuisse
1352 1112 1394 1176 de

327 1222 458 1304 origine
482 1242 600 1286 versus
629 1219 821 1297 cuiusdam,
859 1220 920 1304 qui
955 1240 1065 1303 aeque
1101 1226 1206 1303 atque
1242 1220 1394 1284 comicus

327 1327 518 1413 quadratus
541 1327 652 1393 tribus
677 1326 818 1410 syllabis
854 1326 996 1391 adiectis
1020 1349 1062 1390 ex
1097 1326 1232 1390 senario
1267 1325 1392 1411 prodit.

327 1435 404 1516 Qua
427 1435 465 1498 in
487 1455 523 1499 re
548 1432 750 1499 delinienda
777 1434 854 1498 loco
878 1432 1057 1498 Diomedis
1093 1432 1218 1497 collato
1254 1432 1393 1497 adiuva-

327 1563 413 1620 mur,
440 1543 501 1626 qui
523 1541 737 1606 trochaicum
762 1541 997 1626 septenarium
1020 1538 1112 1604 fieri:
1139 1547 1230 1604 ‘cum
1250 1538 1295 1604 ad
1310 1540 1393 1604 iam-

327 1648 395 1712 bici
418 1649 498 1726 veri,
534 1649 658 1733 inquit,
694 1648 906 1732 principium
941 1646 1081 1711 additur
1111 1668 1172 1732 pes
1195 1645 1394 1731 trisyllabus

325 1755 604 1841 amphimacrus.
641 1754 756 1839 Atque
782 1776 862 1819 cum
886 1755 1036 1819 sciamus
1061 1753 1252 1818 Varronem
1276 1754 1393 1819 omnia

326 1869 436 1928 metra
471 1864 541 1928 sive
577 1884 619 1926 ex
642 1861 748 1926 heroo
772 1861 973 1926 hexametro
1010 1862 1080 1925 sive
1106 1883 1147 1924 ex
1170 1860 1319 1925 iambico
1345 1881 1392 1925 se-

327 1971 423 2034 nario
471 1969 642 2035 derivasse
689 1967 743 2051 (cl.
784 1968 869 2047 Leo,
911 1967 965 2032 die
1012 1967 1139 2033 beiden
1185 1967 1392 2032 metrischen

327 2074 483 2160 Systeme
519 2075 579 2140 des
603 2073 792 2140 Altertums
828 2075 974 2139 Hermes
1009 2073 1126 2139 XXIV
1160 2096 1193 2159 p.
1222 2074 1287 2138 280
1318 2081 1391 2158 sq.)‚

328 2204 487 2267 cumque,
525 2183 554 2246 si
587 2182 741 2267 primum
765 2180 807 2246 de
831 2180 1006 2246 trochaico
1038 2181 1234 2266 septenario
1270 2180 1392 2247 eodem

326 2292 441 2370 mode,
468 2310 538 2375 quo
561 2287 749 2353 Diomedes
773 2289 841 2371 egit
864 2289 922 2366 ita,
959 2295 998 2352 ut
1021 2287 1153 2352 ibidem
1187 2309 1309 2353 vocem
1334 2295 1392 2352 ‘se-

326 2402 445 2487 mipes'
483 2395 679 2471 declararet,
717 2396 830 2459 omnis
866 2393 1054 2460 difficultas
1089 2394 1274 2459 verborum
1307 2395 1392 2460 ‘toti-

326 2509 407 2573 dem
431 2501 667 2588 semipedibus
691 2501 842 2567 adiectis’
873 2509 1064 2580 evanescat,
1102 2522 1392 2586 unumquemque

326 2615 413 2680 mihi
447 2636 520 2680 esse
552 2638 810 2703 concessurum·
833 2625 929 2703 put0‚
967 2624 1047 2682 ante
1083 2625 1241 2683 nostrum
1275 2617 1393 2683 locum

326 2730 443 2788 actum
467 2722 572 2790 luisse
598 2724 640 2789 de
665 2725 796 2808 origine
820 2726 985 2790 trochaici
1013 2726 1198 2809 septenarii
1233 2748 1275 2790 ex
1307 2726 1391 2790 iam-

325 2831 402 2896 bico
439 2833 582 2897 senario.
631 2831 773 2898 Accedit
809 2832 913 2919 quod,
951 2833 979 2896 si
1013 2832 1080 2897 hoc
1114 2833 1163 2897 ita
1199 2853 1234 2897 se
1264 2832 1392 2897 habere

325 2937 426 3003 nobis
449 2941 694 3024 persuasimus
721 2946 872 3025 apparet,
899 2961 970 3024 qua
994 2939 1036 3004 de
1062 2960 1166 3004 causa
1182 2939 1289 3004 Varro
1307 2945 1391 3004 trac-

324 3053 438 3110 tatum
462 3068 482 3111 a
505 3044 636 3111 Rufino
661 3053 836 3111 serratum
870 3045 1015 3111 inducat
1051 3044 1266 3111 adversativa
1290 3047 1391 3130 parti-

325 3151 403 3216 cula
439 3156 503 3216 ‘at'.
551 3153 641 3216 Nam
675 3152 871 3217 trochaicus
895 3154 1111 3238 septenarius
1148 3150 1199 3231 fit,
1236 3174 1316 3217 cum
1346 3152 1393 3217 ad

325 3258 450 3322 senarii
473 3259 614 3324 iambici
637 3259 786 3337 initium,
811 3259 982 3324 iambicus
1011 3268 1130 3325 contra
1165 3260 1390 3345 septenarius.

325 3386 405 3429 cum
429 3364 605 3431 adfinem
629 3366 828 3452 trisyllabus
852 3389 913 3452 pes
938 3367 1115 3432 adiciatur.
1175 3366 1272 3448 Quae
1311 3388 1389 3431 cum

324 3472 372 3536 ita
396 3473 473 3552 sint,
498 3472 598 3537 illum
621 3473 800 3538 Diomedis
823 3473 949 3550 locum,
979 3495 1048 3558 quo
1072 3475 1109 3537 in
1135 3474 1296 3539 Varronis
1320 3463 1410 3539 ver?

324 3577 378 3642 bis
412 3579 660 3664 perspiciendis
695 3579 841 3665 proiecti
876 3602 1011 3651 sumus,
1048 3580 1210 3645 Varronis
1250 3601 1390 3666 quoque

325 3705 398 3747 esse
424 3686 636 3750 coniecerim.

432 3915 459 3985 1)
480 3917 639 3969 Diomedes
659 3918 678 3970 1.
697 3919 716 3972 l.
737 3919 933 3984 ‘Troohaious
962 3919 1067 3985 inquit,
1096 3919 1176 3972 idem
1204 3920 1391 3986 septenarius

324 4013 351 4055 et
373 4004 543 4070 quadratus.
572 4007 620 4058 hic
640 4008 665 4058 si
685 4023 772 4060 rems
792 4015 844 4073 est,
865 4024 968 4060 omnes
988 4014 1101 4075 septem
1120 4010 1275 4061 trochaeos
1300 4010 1389 4062 habet

323 4100 353 4145 et
373 4093 565 4161 semipedem,
585 4095 617 4147 id
637 4102 791 4149 estunam
811 4098 966 4164 syllabam,
986 4098 1070 4150 cuius
1090 4099 1260 4165 exemplum
1273 4099 1331 4150 tale
1346 4107 1390 4150 est

477 4185 628 4237 inmerens
648 4201 722 4236 anus
742 4186 855 4237 virente
876 4189 956 4238 secta
974 4187 1064 4252 pinus
1083 4188 1115 4239 in
1136 4187 1238 4253 Crago

323 4272 371 4323 hic
390 4273 427 4324 fit
446 4289 513 4326 cum
533 4273 571 4325 ad
590 4275 712 4326 iambici
732 4275 791 4326 veri
813 4275 995 4342 principium
1014 4275 1133 4328 additur
1152 4292 1204 4342 pes
1217 4277 1390 4343 trisyllabus

323 4362 559 4428 amphimacrus'.
