3230 5052
661 504 832 565 -11-

215 683 303 746 sicut
329 680 382 745 ‘de
406 680 554 766 rhytm0,
580 679 622 744 de
647 681 747 746 metri
776 679 1037 761 versificatione,
1064 681 1106 746 de
1130 681 1215 760 basi,
1242 682 1284 747 de

215 787 374 873 pedibus,
401 786 443 851 de
479 787 606 851 rnetris’
639 809 659 852 a
695 787 850 852 Charisio
884 788 966 854 talia
1001 794 1147 854 tractata
1178 786 1284 854 luisse

217 901 370 980 apparet,
397 901 429 958 et
454 894 640 959 Diomedes
665 916 706 958 ex
730 893 876 959 Charisii
900 902 971 960 arte
995 895 1107 960 multa
1122 897 1160 959 in
1185 917 1284 961 suam

215 1000 436 1083 transtulitst)
471 1007 611 1065 tantum
646 1001 752 1078 abest,
793 1010 832 1066 ut
870 1001 988 1066 locum
1028 1024 1069 1066 ex
1098 1002 1203 1087 plena
1226 1001 1284 1067 illa

216 1106 443 1172 similitudine
483 1115 684 1192 corruptum
731 1129 804 1172 esse
851 1108 993 1183 eluceat,
1042 1119 1081 1174 ut
1120 1116 1286 1194 sequatur

216 1213 312 1300 apud
335 1211 507 1278 Rufinum
530 1214 550 1278 l.
571 1235 597 1278 c.
616 1213 761 1279 Charisii
776 1215 893 1280 locum
905 1222 995 1280 recte
1013 1237 1085 1280 esse
1099 1222 1283 1281 serratum.

323 1356 415 1422 Huic
477 1357 591 1421 ordini
653 1357 804 1442 denique
871 1358 976 1423 etiam
1039 1358 1285 1423 Euanthius

217 1462 466 1529 adscribendus
502 1471 561 1541 est,
599 1466 697 1529 cuius
735 1464 802 1529 loci
842 1463 923 1542 du0,
949 1485 1037 1549 quos
1064 1462 1216 1530 Rufinus
1241 1465 1284 1530 ab

216 1571 314 1636 initio
344 1571 532 1636 commenti
570 1572 725 1649 contulit,
765 1571 928 1656 leguntur
965 1572 1003 1635 in
1037 1572 1204 1636 Euanthii
1243 1571 1285 1636 de

216 1675 336 1742 fabula
359 1685 508 1742 tractatu
531 1679 660 1743 inserto
684 1678 813 1743 Donati
838 1675 1085 1743 commentario
1109 1678 1285 1743 inTeren·

216 1784 314 1849 tium.
352 1784 448 1849 Alter
469 1784 567 1849 locus
585 1784 791 1850 ‘Euanthius
807 1785 844 1849 in
869 1785 1117 1849 commentario
1133 1785 1285 1850 Terentii

218 1890 260 1955 de
284 1889 413 1970 fabula,
438 1891 504 1956 hoc
529 1899 580 1956 est
611 1891 653 1956 de
690 1891 868 1956 comoedia
904 1893 951 1956 sic
987 1891 1069 1956 dicit
1103 1892 1284 1974 ‘concinna

217 2005 432 2081 argumento
470 1998 716 2064 consuetudini
762 2019 923 2082 congrua,
961 1998 1055 2064 utilis
1094 1999 1283 2075 sententiis

217 2111 313 2186 grata
330 2104 469 2184 salibus,
496 2112 577 2190 apta
590 2108 709 2170 metro'
735 2105 859 2188 legitur
882 2105 1007 2170 Donat.
1026 2127 1097 2170 rec:
1123 2107 1286 2171 Wessner

216 2211 241 2288 I,
267 2233 301 2297 p.
328 2212 421 2297 17,16
446 2234 510 2297 sq.;
567 2211 652 2277 alter
677 2213 827 2278 ‘Veteres
866 2213 930 2277 etsi
963 2213 1030 2298 ipsi
1069 2233 1210 2297 quoque
1249 2212 1286 2275 in

217 2319 335 2382 metris
343 2318 582 2402 neglegentius
596 2322 762 2403 [egerunt]
770 2319 805 2402 ²),
819 2319 959 2384 iambici
971 2341 1090 2384 versus
1103 2318 1283 2384 dumtaxat

216 2425 254 2488 in
278 2424 432 2490 secundo
456 2434 489 2491 et
525 2435 648 2512 quarto
687 2426 773 2504 loce,
813 2433 977 2491 tamena
1015 2425 1177 2491 Terentio
1213 2426 1284 2490 rin-

218 2539 346 2597 euntur
383 2532 593 2598 resolutione
639 2533 745 2598 huius
791 2535 901 2612 metri,
949 2541 1123 2619 quantum
1160 2538 1284 2619 potest,

218 2639 424 2704 comminuti
463 2640 507 2705 ad
541 2641 730 2724 imaginem
768 2662 890 2727 prosae
937 2641 1111 2706 orationis*
1158 2640 1283 2704 Donat.

217 2745 230 2809 l
257 2768 288 2831 p.
316 2745 366 2811 19.
380 2792 394 2830 0
418 2769 467 2832 sq.

326 2888 486 2955 Secundo
545 2889 665 2956 ordine
722 2891 867 2978 probari
920 2896 1086 2968 auctores,
1135 2909 1285 2974 quorum

218 2996 344 3081 script-a
383 2996 479 3082 apud
516 2995 689 3063 Rufinum
724 3019 804 3064 cum
840 2997 1041 3063 nominibus
1080 2994 1283 3074 afferuntur,

218 3105 343 3189 scripta
355 3105 430 3188 ipsa
447 3105 631 3190 perierunt,
646 3104 825 3183 Scaurum,
842 3104 1066 3182 Firmianum,
1084 3102 1283 3181 Varronem,

219 3213 380 3278 Caesium
432 3210 589 3290 Bassum,
630 3209 1001 3296 Sisennan1,Aspr·um,
1041 3209 1089 3273 Fl.
1123 3208 1283 3293 Caprum,

217 3320 357 3386 Jubam.

327 3447 391 3527 Qu.
432 3445 613 3510 Terentius
653 3444 858 3522 Scaurus
899 3442 970 3506 divi
1004 3439 1173 3505 Hadriani
1201 3447 1285 3504 tem-

219 3553 372 3639 poribus
409 3553 497 3618 sicut
533 3551 665 3617 Gellius
700 3550 857 3635 ΧΙ,15,3
892 3548 1007 3627 tradit,
1039 3547 1285 3631 grammaticus

218 3660 273 3726 vel
296 3660 543 3738 nobilissimus
570 3659 694 3724 allatus
731 3666 781 3723 est
805 3657 901 3743 apud
929 3654 1102 3741 Rufinum
1124 3677 1157 3740 p.
1183 3653 1286 3737 561,.2

219 3768 285 3832 hoc
324 3767 445 3832 modo:
485 3766 635 3831 Scaurus
675 3765 713 3830 id
752 3765 874 3830 eadem
920 3763 1040 3829 labula
1075 3762 1124 3845 (id
1163 3768 1214 3826 est
1248 3760 1285 3823 in

219 3873 404 3956 Pseudolo)
444 3875 507 3938 sic:
557 3874 667 3938 ‘Nunc
713 3874 797 3938 iam:
852 3872 922 3936 iam
961 3870 1077 3935 divisit
1111 3870 1147 3932 in
1198 3867 1285 3932 duas

328 4142 354 4201 1)
375 4142 418 4195 (r.
439 4143 470 4194 L.
481 4143 563 4207 Jeep,
584 4143 641 4193 Zur
660 4140 840 4192 Gesehiehte
861 4137 913 4190 der
932 4137 1026 4189 Lehre
1038 4151 1097 4188 von
1117 4133 1175 4186 den
1190 4133 1284 4184 Redo-

218 4233 310 4284 teilen
329 4232 377 4284 bei
398 4231 456 4283 den
476 4233 526 4283 lat.
547 4230 785 4282 Grammatikem
805 4229 872 4294 Lpz.
893 4226 962 4280 1893
981 4243 1000 4293 p
1020 4225 1054 4278 60
1073 4241 1116 4289 sq.

325 4321 354 4390 2)
374 4319 511 4372 Vidimus
532 4320 676 4371 ltuiinum
696 4318 814 4372 codices
825 4318 949 4370 minoris
962 4316 1036 4368 fidei
1054 4319 1189 4367 secutum
1209 4327 1282 4363 esse.
