3230 5052
761 463 931 537 -58.-

361 652 491 718 solvere
516 673 577 718 sen
600 652 722 736 longas
745 650 846 716 malis
870 657 908 717 ut
933 651 1063 736 syllaba
1089 659 1225 718 crescat.

359 759 537 825 rhetoricis
560 758 663 824 Asiae
687 757 818 844 placuit
840 756 989 824 bis'iine
1012 759 1205 824 trochaeus.

359 867 570 962 principium
594 873 628 932 et
651 865 808 931 medium
832 873 865 931 et
889 863 999 930 linem
1021 865 1086 931 tibi
1110 865 1292 934 dochmius

1180 982 1289 1039 omat.

422 1081 488 1145 Hic
511 1080 661 1145 breviter
684 1081 848 1166 repetitas
871 1101 945 1145 esse
968 1080 1159 1145 sententias
1176 1079 1382 1147 denumero

315 1193 492 1252 oratorum
516 1194 618 1252 antea
645 1188 840 1252 accuratius
863 1193 1087 1272 pertractatas
1103 1187 1233 1272 optime
1256 1187 1383 1254 docent

314 1315 379 1359 nos
402 1294 517 1359 ultimi
540 1293 610 1358 duo
634 1314 763 1373 versus,
789 1313 939 1378 quorum
962 1294 1055 1379 prior
1077 1294 1215 1378 respicit
1239 1293 1284 1358 ad
1301 1316 1379 1380 pag.

315 1402 389 1481 566,
403 1445 432 1486 29
469 1407 539 1466 ‘aut
575 1400 679 1466 Asiae
718 1421 885 1465 numerus
923 1399 1076 1486 pulcher,
1116 1400 1170 1465 bis
1209 1398 1293 1465 line·
1314 1407 1380 1465 tro-

315 1509 464 1585 chaeus,
500 1506 586 1573 alter
620 1506 663 1572 de
700 1506 863 1573 doclnnio
894 1506 994 1593 adp.
1021 1507 1095 1586 566,
1109 1551 1188 1592 7,,0.
1247 1506 1380 1573 Eodem

314 1616 419 1681 modo
443 1637 497 1680 res
521 1615 687 1680 sehabet
711 1615 749 1680 in
771 1615 883 1680 tribus
906 1615 1026 1701 primis
1049 1614 1215 1694 versibus,
1252 1614 1380 1699 quibus

313 1723 419 1809 pedes
443 1723 582 1788 oratorii
606 1723 743 1786 numeri
767 1728 1025 1799 enumerantur,
1051 1721 1094 1786 de
1119 1722 1247 1806 quibus
1278 1727 1380 1786 antea

312 1830 419 1917 paulo
443 1829 605 1895 subtilius
630 1830 699 1913 egit
722 1826 884 1908 Rufinus,
921 1835 959 1894 ut
982 1828 1064 1894 inde
1090 1828 1249 1915 expedire
1273 1829 1379 1915 possi-

312 1959 391 2002 mus
432 1937 663 2002 elocutionem
703 1945 826 2022 ‘paeon
877 1939 1080 2022 supremus',
1121 1956 1190 2020 qua
1229 1933 1380 2001 Rufinus

314 2041 507 2128 significare
531 2042 641 2108 voluit
665 2064 836 2128 paeonem
860 2043 1035 2108 extribus
1059 2042 1223 2108 brevibus
1239 2041 1380 2128 syllabis

312 2150 418 2234 longa
442 2148 625 2215 claudente
651 2148 704 2233 (cl.
730 2172 763 2235 p.
789 2150 913 2234 566,1).
945 2149 1085 2234 Reliqui
1108 2155 1226 2214 autem
1250 2169 1377 2226 versus

313 2264 457 2342 quartus
482 2262 515 2321 et
539 2257 693 2341 quintus,
718 2257 869 2322 maxime
892 2278 948 2321 me
965 2254 1160 2321 oflendunt.
1192 2257 1282 2320 Nam
1299 2271 1378 2320 cum

312 2364 466 2442 creticus,
496 2363 682 2449 spondeus,
708 2385 831 2449 paean,
869 2362 1036 2448 dactylus
1072 2363 1265 2442 trochaeus,
1294 2364 1377 2427 iam·

311 2470 378 2535 bus
413 2493 433 2536 a
467 2470 599 2537 Rufino
636 2477 960 2540 commemorentur.
997 2471 1239 2556 unusquisque
1278 2468 1378 2535 facile

311 2577 480 2660 intellegit
502 2576 579 2642 illos
602 2578 820 2663 temporibus
844 2598 944 2664 pares
968 2599 1041 2643 esse
1065 2596 1138 2642 non
1160 2598 1272 2663 posse.

418 2701 484 2765 Hic
509 2708 627 2767 autem
652 2701 914 2768 admonendum
939 2711 989 2766 est
1013 2702 1202 2767 maximam
1222 2701 1377 2767 similitu-

312 2807 430 2873 dinem
466 2830 539 2874 esse
574 2810 665 2875 inter
698 2831 817 2874 versus
852 2830 956 2895 supra
992 2828 1153 2874 excussos
1189 2815 1222 2873 et
1257 2806 1378 2873 Rufini.

310 2937 430 2980 versus
465 2931 497 3001 p.
535 2916 609 2995 565,
623 2960 717 3001 rs—-ma
753 2918 790 2981 in
826 2916 954 3001 quibus
990 2915 1111 2980 eadem
1146 2904 1376 3001 repugnantia
1433 3002 1435 3006 Ι

310 3023 409 3101 inest,
435 3045 525 3108 quae
550 3044 654 3108 supra
677 3045 741 3088 nos
772 3021 929 3088 offendit.
977 3023 1141 3106 Legimus
1177 3022 1270 3086 enim
1304 3044 1376 3087 ver-

311 3149 369 3192 sus
392 3129 472 3193 hos:
1038 3145 1045 3160 '

354 3235 524 3302 Rhetoras
546 3235 721 3301 Ausonios
745 3245 778 3301 et
803 3234 924 3302 Graios
949 3236 1106 3322 dactylus
1131 3244 1250 3301 armat.

354 3342 520 3430 Dactylus
544 3344 691 3409 annavit
715 3343 925 3422 Ciceronem,
951 3344 1096 3410 armavit
1119 3343 1258 3408 iambus
1324 3355 1325 3362 ’

354 3451 600 3536 spondensque
624 3451 737 3533 gravis
760 3470 977 3535 numeroque
1001 3451 1177 3536 aptissime
1201 3471 1323 3536 paean,

353 3557 639 3642 temporibusque
663 3578 771 3642 parea,
798 3558 957 3642 quamtis
982 3564 1015 3622 et
1039 3557 1171 3643 syllaba
1196 3563 1333 3636 crescat,

310 3683 460 3748 quorum
493 3685 658 3729 versuum
682 3665 823 3728 tertium
847 3671 1048 3749 corruptum
1085 3685 1158 3729 esse
1181 3664 1315 3729 Keilius
1338 3665 1376 3728 in

309 3777 479 3855 apparatu
517 3771 634 3835 critico
673 3769 861 3836 adnotavit.
930 3771 997 3835 Hic
1032 3772 1080 3836 ita
1118 3771 1213 3836 hunc
1258 3770 1375 3836 locum

308 3895 429 3941 sanare
469 3883 623 3956 conatur,
671 3885 710 3943 ut
748 3898 810 3963 pro
850 3876 1014 3943 adverbio
1062 3879 1258 3963 ‘aptissime'
1298 3878 1375 3943 scri-

307 3982 464 4049 bendum
504 4005 577 4049 esse
616 3984 708 4050 dicat
748 3991 861 4070 ‘aptus
900 4005 1041 4070 quoque
1086 3988 1219 4070 paean',
1268 4001 1373 4070 quam

309 4091 543 4156 coniecturam
587 4092 733 4178 probare
780 4112 933 4177 nequeo,
982 4093 1064 4177 quia
1109 4092 1277 4157 liberam.
1304 4113 1374 4157 ma-

308 4199 359 4281 gis
398 4220 475 4264 eam
522 4201 769 4264 correctionem
816 4220 888 4264 esse
935 4221 1043 4284 quam
1094 4198 1374 4265 emendationem

307 4328 421 4392 neque
456 4307 628 4384 lacunam,
666 4327 755 4392 quae
791 4313 928 4385 exstat*
948 4307 1102 4393 suppleri
1138 4313 1243 4393 patet.
1299 4306 1374 4371 Ore-
