3230 5052
765 493 920 582 ‘⁶‘ss

308 693 417 736 rocoa
451 665 537 734 mihi
582 669 720 735 ridetur
754 667 859 734 fuisse
900 669 1072 749 Ciceronis
1112 670 1263 735 Oratoris
1299 691 1371 755 cap.

306 777 376 856 LV,
396 778 475 842 184:
502 780 546 842 ‘at
561 777 782 842 comicorum
806 777 931 840 senarii
954 784 1093 861 propter
1110 775 1374 842 similitudinem

307 885 475 948 sermonis
500 885 547 948 sic
583 905 684 968 saepe
720 889 801 948 sunt
837 883 970 962 abiecti,
1002 891 1041 949 ut
1076 904 1148 948 non
1178 904 1374 969 numquam

307 991 365 1055 rix
399 992 436 1054 in
473 991 520 1055 eis
556 1011 722 1054 numerus
758 998 790 1055 et
814 1010 933 1055 versus
967 989 1121 1074 intellegi
1144 991 1272 1075 possit’.
1320 989 1375 1054 Ad

308 1095 455 1161 eandem
490 1097 698 1162 sententiam
738 1097 934 1161 Priscianus
972 1117 1113 1182 quoque
1148 1097 1295 1182 respicit,
1313 1099 1375 1182 qui

307 1204 406 1268 initio
430 1203 536 1268 libelli
560 1203 603 1268 de
616 1204 733 1268 metris
745 1203 897 1268 Terentii
921 1202 1077 1268 GLKHI
1099 1226 1132 1289 p.
1158 1204 1223 1268 418
1249 1204 1372 1281 ‘miron

307 1310 431 1394 inquit,
457 1310 628 1395 quosdam
667 1311 721 1375 vel
753 1310 923 1394 abnegare
963 1332 1036 1375 esse
1066 1311 1103 1375 in
1141 1311 1293 1376 Terentii
1321 1330 1373 1375 co-

308 1417 454 1482 moediis
477 1424 587 1482 metra
610 1416 665 1482 vel
682 1438 722 1482 ea
773 1417 873 1501 quasi
897 1438 1022 1482 arcana
1057 1417 1231 1502 quaedam
1273 1425 1306 1482 et
1330 1417 1373 1482 ab

309 1523 471 1589 omnibus
485 1523 594 1589 doctis
608 1531 740 1589 semota
749 1523 814 1588 sibi
827 1523 907 1588 solis
921 1545 993 1589 csse
1007 1526 1145 1607 cognita
1158 1523 1372 1589 confirmare.

309 1650 459 1715 quorum
498 1638 537 1696 ut
575 1632 629 1696 rel
667 1631 859 1715 imperitiae
898 1630 952 1696 vel
998 1631 1213 1714 arrogantiae
1251 1631 1375 1696 titium

309 1734 528 1821 effugiamus,
583 1738 731 1803 breuiter
792 1737 834 1802 de
882 1759 986 1823 supra
1039 1737 1211 1802 dictorum
1257 1738 1375 1802 metris

309 1865 538 1929 exponamus,
563 1845 770 1910 testimoniis
802 1846 906 1909 etiam
929 1845 1151 1909 metricorum
1175 1865 1375 1929 usuumque

309 1951 619 2036 approbationibus
655 1954 812 2016 utentes'.
859 1951 974 2015 Etiam
1014 1972 1055 2015 ex
1093 1951 1262 2016 Victorini
1298 1951 1375 2016 loco

310 2057 406 2123 GLK
422 2058 478 2136 Vr,
503 2080 526 2143 p
552 2059 641 2142 78„,
677 2057 797 2122 similis
833 2058 1013 2135 sententia,
1040 2065 1158 2122 contra
1198 2079 1304 2142 quarn
1343 2067 1375 2122 et

309 2165 505 2229 Priscianus
551 2171 585 2229 et
627 2162 778 2229 Rufinus
824 2171 965 2243 certant,
1017 2163 1144 2230 elucet:
1186 2164 1376 2246 ‘Quantum

311 2272 414 2350 enim,
455 2272 579 2356 inquit,
619 2271 665 2336 ad
704 2278 853 2336 metrum
908 2272 1080 2337 comicum
1123 2278 1264 2357 spectat,
1306 2273 1375 2336 scio

310 2377 479 2464 plurimos
503 2377 686 2443 adfirmare
711 2377 936 2443 Terentianae
982 2378 1035 2443 vel
1060 2379 1210 2443 maxime
1239 2376 1376 2444 fabulas

310 2492 460 2550 metrum
485 2485 529 2550 ad
554 2485 772 2570 disciplinam
796 2506 997 2568 graecarum
1021 2485 1280 2572 comoediarum
1304 2506 1377 2551 nou

310 2591 510 2671 custodisse,
534 2592 646 2657 idest
670 2613 757 2677 ques
780 2591 979 2670 Menander,
1005 2592 1197 2671 Philemon,
1215 2592 1376 2678 Diphilus

312 2705 345 2763 et
369 2699 472 2763 ceteri
496 2698 700 2764 ediderunt’.

417 2805 572 2871 Primum
614 2807 684 2871 iam
718 2806 1021 2891 perscrutabimur,
1062 2829 1149 2871 num
1196 2806 1375 2872 adnotatio

310 2910 461 2977 fontium
486 2935 528 2977 ex
547 2910 672 2978 Rufini
696 2935 800 2978 sensu
825 2921 858 2979 et
882 2912 1038 2979 doctrina
1062 2921 1153 2978 recte
1189 2935 1224 2978 se
1249 2913 1374 2979 lrabeat

310 3039 500 3104 omnesque
540 3027 706 3097 auctores,
747 3020 808 3104 qui
846 3020 1048 3085 nominibus
1087 3020 1201 3085 collati
1225 3028 1315 3098 sunt,
1340 3043 1376 3084 re

309 3146 390 3190 vera
425 3125 467 3190 de
503 3147 665 3191 mensura
704 3126 819 3191 Plauti
857 3134 890 3191 et
928 3126 1080 3192 Terentii
1119 3127 1376 3192 comoediarum

311 3233 442 3316 egerint
467 3241 500 3298 et
535 3234 572 3297 in
596 3225 746 3298 tractatu
781 3231 919 3298 Rufini·
937 3236 1071 3299 excussi
1107 3235 1184 3299 sint.
1240 3233 1316 3315 Qua
1339 3235 1376 3298 in

310 3341 513 3425 quaestione
537 3341 677 3406 initium
701 3338 767 3406 feci
790 3341 834 3406 ab
859 3342 907 3406 eis
932 3341 1154 3426 scriptoribus
1170 3342 1207 3406 in
1227 3349 1376 3406 tractatu

310 3446 385 3531 ipso
432 3446 572 3525 collatis,
625 3468 774 3533 quorum
819 3447 924 3513 libros
971 3448 1085 3513 adhuc
1131 3449 1168 3511 in
1214 3448 1377 3513 manibus

310 3552 490 3618 habemus,
554 3553 643 3619 Sunt
705 3562 822 3620 autem
879 3554 925 3634 hi,
985 3555 1112 3634 Cicer0,
1166 3555 1375 3634 Victorinus,

311 3659 550 3739 Terentianus
590 3660 837 3742 Quintilianus
887 3661 1083 3740 Diomedes
1121 3661 1295 3726 Charisius
1335 3685 1376 3726 ex

310 3767 462 3831 maxima
484 3775 591 3851 parte.
639 3767 769 3832 Addidi
792 3768 896 3833 etiarn
920 3768 1146 3833 Euentlrium.

417 3873 532 3959 Atque
556 3876 689 3959 primus
703 3873 846 3965 quidem
863 3873 1006 3940 Cicero
1019 3897 1051 3960 p.
1070 3875 1144 3954 556,
1159 3919 1187 3960 19
1203 3876 1376 3940 trimetros

309 3979 457 4046 traditur
473 4002 592 4046 versus
608 3982 775 4046 iambicos
791 3982 942 4047 Terentii
956 3989 988 4047 et
1005 3982 1120 4047 Plauti
1132 3989 1164 4047 et
1185 3989 1374 4047 ceterorum

311 4089 523 4153 comicorum
574 4095 607 4153 et
657 4090 868 4172 tragicorum
914 4089 1066 4154 senarios
1114 4089 1248 4153 dixisse.
1309 4087 1376 4152 Sed

311 4216 528 4281 quamquam
563 4195 680 4261 Cicero
720 4194 762 4260 de
809 4195 965 4261 versibus
1011 4202 1044 4260 et
1083 4197 1199 4260 metris
1238 4195 1376 4259 illorum

310 4304 489 4388 proprium
512 4303 669 4369 libellum
708 4323 781 4367 non
820 4303 962 4388 scripsit,
1002 4310 1121 4368 tamen
1152 4301 1270 4365 multis
1293 4301 1375 4365 locis
