3230 5052
765 510 944 573 „32..

322 688 444 753 Rufini
468 687 603 754 codices
627 686 738 752 multo
762 688 967 752 vetustiores
991 695 1082 765 sunt,
1101 708 1209 772 quarn
1226 687 1402 752 editiones

321 796 529 874 Terentiam,
557 816 754 881 quamqum
778 795 883 859 etiam
907 792 1017 859 multo
1056 793 1182 858 melius
1207 801 1395 879 poneretur

321 910 400 988 post
423 925 454 968 v.
483 903 579 982 1447,
605 923 712 988 quem
735 900 886 966 Rufinus
910 921 983 966 non
1008 901 1166 966 excussit.

429 1010 481 1074 Do
505 1009 640 1074 Probo
664 1008 813 1074 breviter
836 1029 945 1092 agam.
959 1007 1092 1093 ¹Neque
1110 1009 1206 1072 onim
1222 1009 1392 1074 incertum

322 1122 382 1195 est,
409 1122 528 1180 utrum
551 1114 708 1182 Valerius
743 1115 887 1192 Probus,
913 1113 1155 1180 celeberrimus
1190 1114 1247 1180 ille
1283 1137 1392 1200 gram·

322 1223 469 1287 maticus
494 1221 537 1287 sit
561 1243 607 1286 an
628 1223 744 1287 iunior
771 1223 834 1287 iste
858 1223 1104 1305 grammatista,
1131 1222 1230 1287 cuius
1254 1222 1392 1288 sordida

322 1350 426 1414 opera
457 1351 477 1394 a
519 1329 632 1394 Keih'o
667 1330 705 1394 in
722 1336 846 1415 quarto
870 1328 1046 1393 volumine
1086 1329 1393 1413 grammaticorum

323 1436 511 1502 latinorum
537 1436 629 1502 edita
653 1443 743 1501 sunt.

429 1542 564 1608 Probus
603 1540 778 1607 aRufino
802 1563 874 1608 non
927 1542 1033 1606 modo
1071 1543 1161 1607 inter
1211 1544 1392 1628 scriptores

323 1650 525 1715 nominatus
550 1657 601 1715 est
625 1650 686 1734 qui
708 1669 908 1714 mensuram
933 1671 1006 1714 esso
1029 1649 1067 1712 in
1090 1647 1217 1715 fabulis
1241 1650 1392 1715 Terentii

323 1763 356 1821 01
364 1755 479 1822 Plauti
502 1764 536 1822 et
549 1756 696 1822 aliorum
710 1758 921 1821 comicorum
933 1764 967 1821 et
983 1756 1190 1839 tragicorum
1203 1756 1393 1822 latinorum

324 1863 497 1948 putabant
520 1885 553 1949 p.
579 1863 654 1943 565,
668 1907 691 1947 ὃ,
718 1863 907 1929 sedetiam
942 1864 1032 1929 inter
1070 1864 1261 1948 scriptores
1303 1884 1392 1949 quos

325 1968 477 2034 Rufinus
516 1970 558 2034 de
583 1971 737 2035 numeris
761 1969 916 2036 oratoriis
941 1971 1049 2054 egisse
1089 1969 1170 2035 dicit
1205 1991 1237 2056 p.
1264 1970 1389 2055 573,25.

325 2077 446 2161 ipsum
478 2083 596 2142 autem
620 2076 801 2162 descripsit
825 2097 857 2162 p.
884 2077 974 2161 5718
999 2077 1064 2142 1100
1090 2077 1209 2142 modo:
1249 2077 1392 2143 ‘Probus

326 2182 368 2248 de
392 2184 547 2248 numeris
571 2184 740 2249 oratioriis
765 2185 812 2248 sic
844 2182 936 2264 dicit,
974 2184 1181 2249 ‘Trochaeus
1220 2192 1253 2250 et
1277 2206 1391 2270 paeon

324 2291 446 2355 tertius
473 2289 576 2356 faciet
613 2290 709 2356 illam
749 2297 957 2357 structuram
1009 2290 1121 2356 Tullio
1161 2290 1391 2376 perculiarem

328 2404 411 2463 ‘esse
429 2398 608 2462 videatur’.
633 2398 655 2463 J
657 2398 725 2462 nde
749 2405 844 2483 patet
870 2419 889 2462 a
906 2396 1036 2462 Rufino
1049 2397 1220 2462 iuniorem
1237 2398 1389 2464 Probum

324 2504 453 2569 lectum
493 2527 576 2585 esse,
602 2507 663 2591 qui
702 2505 766 2570 sub
790 2505 892 2570 1111110
933 2505 1109 2570 Catholica
1148 2526 1167 2569 a
1207 2505 1390 2572 Sacerdote

324 2611 406 2676 artis
429 2612 635 2697 particulam
669 2610 803 2677 furatus
839 2618 898 2677 est.
945 2612 1036 2678 Nam
1074 2611 1170 2677 locus
1206 2633 1225 2677 a
1259 2611 1390 2678 Rufino

325 2716 512 2783 adnotatus
542 2718 747 2804 desumptus
786 2728 903 2784 estex
937 2718 1075 2784 illorum
1109 2718 1213 2784 Probi
1246 2721 1390 2785 iunioris

324 2824 583 2891 Catholicorum
606 2824 678 2891 fine
703 2825 798 2891 GLK
810 2826 866 2906 IV,
892 2850 925 2912 p.
950 2828 1003 2905 42,
1017 2871 1056 2912 10,
1093 2847 1163 2912 quo
1199 2827 1304 2892 etiam
1339 2849 1388 2904 aa,

324 2953 415 3017 quae
456 2931 621 2998 Sacerdos
661 2933 703 2998 de
739 2941 910 2999 structura
943 2933 1038 2998 GLK
1053 2933 1110 3012 VI,
1135 2955 1167 3018 p.
1193 2933 1269 3012 492,
1286 2978 1314 3018 ,Εὖ
1339 2956 1388 3018 sq.

324 3039 466 3123 scripsit,
491 3040 528 3103 in
552 3039 855 3123 suatranstulit.1)
1252 3114 1254 3119 ,

432 3144 530 3232 Quae
555 3168 635 3211 oum
658 3147 707 3212 ita
732 3148 809 3226 sint,
834 3168 938 3212 nemo
963 3167 1035 3212 non
1059 3146 1226 3212 concedet
1239 3147 1390 3214 eundem

323 3250 477 3317 Probum
500 3253 672 3318 iuniorem
696 3275 777 3334 esse,
804 3275 909 3339 quem
932 3251 1084 3319 Rufinus
1109 3255 1282 3339 superiore
1312 3254 1389 3319 1000

323 3382 355 3445 p.
382 3360 456 3440 565,
469 3403 483 3445 5
507 3359 671 3442 laudavit,
698 3383 913 3447 quamquam
936 3363 973 3426 in
997 3360 1153 3427 frustulis
1168 3360 1234 3425 11110
1246 3362 1388 3426 nominc

323 3465 445 3531 Rufini
475 3469 648 3533 exornatis
683 3468 770 3534 nihil
805 3469 896 3534 illius
933 3469 1139 3535 adnotatum
1175 3475 1234 3533 est.
1282 3467 1388 3533 Plana

323 3593 406 3636 sane
431 3580 566 3640 constat
589 3575 767 3641 Valerium
789 3575 943 3643 Probum
962 3596 1161 3640 mensuram
1186 3575 1222 3638 in
1261 3573 1388 3640 fabulis

323 3679 533 3744 comicorum
558 3687 592 3746 et
626 3683 838 3766 tragicorum
871 3683 1060 3748 latinorum
1093 3702 1166 3746 esse
1206 3680 1386 3748 iudicasse.

323 3783 391 3849 Sed
416 3787 583 3870 quoniam
606 3790 793 3873 posteriore
817 3788 893 3854 1000
924 3811 956 3874 p.
982 3788 1108 3872 573,.2.2,
1146 3808 1216 3873 quo
1251 3789 1389 3854 numeri

322 3893 462 3957 oratorii
485 3900 642 3959 auctores
667 3895 787 3961 Rufini
811 3902 1068 3975 enumerantur,
1105 3913 1216 3982 paene
1247 3895 1388 3960 eosdem

322 3999 531 4078 nominatos,
557 4001 619 4085 qui
642 4023 746 4088 supra
771 4003 935 4088 appellati
959 4010 1048 4081 sunt,
1074 4002 1235 4081 vidimus,
1275 4003 1387 4087 priore

430 4160 458 4230 1)
480 4160 696 4214 Grammaticos
716 4164 806 4215 Probi
817 4162 970 4215 Catholica
990 4163 1163 4216 adhibuisse
1182 4162 1387 4214 intractandis

321 4250 476 4302 structuris
497 4251 632 4303 oratoriis
652 4253 742 4304 etiam
762 4269 798 4304 ex
826 4252 999 4319 fragmentis
1018 4253 1219 4306 Bobiensibus
1248 4251 1328 4304 GLK
1347 4252 1387 4303 VI

321 4355 349 4404 p.
360 4337 420 4405 628,
431 4371 455 4410 24
473 4341 577 4408 elucet,
597 4341 649 4393 ubi
669 4342 757 4393 Probi
777 4343 866 4394 verba
887 4358 953 4394 cum
977 4343 1097 4395 nomine
1109 4343 1202 4408 ipsius
1213 4341 1388 4393 afferuntur.
