3230 5052
697 499 872 563 ..39-

247 697 313 740 nos
336 677 441 745 venit,
466 698 548 740 eum
571 679 765 742 accuratius
788 701 975 744 numerum
992 687 1168 745 oratorum
1191 692 1313 746 tracta·

248 783 337 847 visse
373 805 416 846 cx
449 781 572 847 Rufini
605 783 719 848 verbis
754 785 801 849 ad
822 787 1040 852 Victorinum
1075 788 1313 872 spectantibus

249 889 351 954 idem
375 889 486 955 multa
510 889 602 955 dicit·
626 892 810 958 verisimile
833 904 893 958 est.

355 1015 490 1078 Dixeris
512 1015 758 1085 Victoriniana.
795 1039 885 1103 quae
909 1017 1061 1083 Rufinus
1084 1019 1240 1089 contulit,
1275 1021 1312 1083 in

246 1120 373 1186 lacuna
396 1121 564 1185 Victorini
600 1123 682 1186 artis
717 1122 813 1188 GLK
835 1124 883 1189 Vl
916 1147 949 1210 p.
976 1125 1071 1209 31,16
1106 1123 1205 1204 tuisc,
1242 1148 1312 1210 qua

246 1227 373 1293 lacuna
407 1250 480 1292 non
503 1251 616 1313 pauca
640 1229 807 1294 excidisse
831 1231 1008 1297 Ludoiico
1042 1233 1175 1319 Jeepio,
1202 1233 1312 1298 Rede-

246 1335 351 1400 thcilc
374 1358 407 1420 p.
433 1336 476 1399 83
500 1358 550 1420 sq.
575 1336 759 1401 verisimile
793 1339 907 1402 risum
942 1346 1002 1418 cst,
1039 1340 1122 1424 quia
1145 1339 1313 1405 Victorini

247 1450 355 1506 artem
380 1464 461 1506 cum
477 1443 672 1527 Aphthonii
694 1444 782 1509 libro
807 1466 889 1510 casu
913 1446 1068 1531 quodam
1089 1449 1312 1512 coniunctam

247 1571 321 1613 esse
370 1551 505 1634 putarit
555 1560 731 1635 postrema
784 1551 876 1617 illius
926 1554 1007 1617 artis
1057 1563 1154 1638 parte
1201 1575 1312 1639 eaque

246 1659 399 1722 maxima
445 1664 478 1722 ct
524 1658 624 1722 initio
671 1660 753 1722 artis
800 1661 962 1726 metricae
1008 1659 1201 1745 Aphthonii
1254 1661 1311 1725 ab·

246 1765 368 1828 scissis.
431 1763 475 1828 At
511 1766 680 1848 quoniam
714 1765 784 1830 iam
813 1765 982 1831 Victorini
1016 1768 1158 1832 nominc
1194 1769 1312 1832 omnia

247 1893 290 1935 ex
305 1871 509 1956 Aphthonio
526 1871 706 1947 exhausta,
731 1894 822 1956 quac
838 1871 990 1938 Rufinus
1006 1873 1194 1952 adnotavit,
1213 1895 1310 1938 orua-

245 1985 282 2042 ta
305 1985 395 2056 sunt,
419 1978 533 2063 Jeepii
556 1980 764 2043 seutentiam
788 1979 934 2064 probare
957 1982 1154 2065 nequimus.

352 2084 438 2165 Quis
473 2084 619 2150 Victor
653 2083 766 2155 fucrit.
803 2109 909 2170 quem
943 2085 1095 2152 Rufinus
1128 2110 1162 2173 p.
1194 2089 1311 2173 ε’)ῖ3,26

246 2191 448 2269 nominarit,
484 2191 716 2256 Buechelems
746 2193 833 2258 Mus.
858 2193 968 2258 Rhen.
994 2195 1155 2269 xxxii,
1180 2195 1245 2260 330
1270 2219 1311 2260 ex

245 2297 384 2363 Anthol.
410 2298 517 2364 Palat.
542 2299 602 2378 lX,
639 2301 702 2363 Vll
740 2299 1021 2366 concludendum
1056 2324 1129 2367 esse
1164 2304 1308 2387 putarit.

245 2405 323 2486 Quo
346 2404 422 2470 loco
445 2406 593 2489 legimus
616 2405 711 2470 bunc
735 2407 879 2471 Zenobii
902 2407 1088 2472 distichon:

335 2513 442 2596 αὐτὴν
465 2515 701 2597 γραμματικὴν
724 2514 743 2578 ὁ
768 2513 948 2598 ζωγράφος
970 2515 1076 2599 ἤθελε
1099 2517 1237 2598 γράψαι,

333 2620 481 2701 Βίκτορα
506 2620 541 2685 δὲ
565 2622 702 2703 γράψας
725 2621 785 2686 τὸν
809 2621 940 2687 σκοπὸν
963 2623 1058 2687 εἶπεν
1081 2622 1158 2706 ἔχω.
1225 2612 1228 2616 ’

244 2727 410 2793 Eundum
435 2750 508 2792 csse
533 2727 753 2793 doctissimus
776 2729 828 2793 vir
850 2728 1025 2806 iudicarit,
1063 2752 1168 2814 quem
1192 2730 1309 2795 Prisci-

245 2857 333 2900 anus
369 2834 464 2899 GLK
487 2836 528 2914 ll,
565 2857 597 2921 p.
626 2837 676 2914 14,
690 2881 718 2920 12
754 2835 879 2913 attulit,
916 2843 955 2900 ut
979 2836 1154 2922 duplicem
1177 2838 1190 2900 i
1212 2839 1311 2921 proi

245 2943 450 3007 consonanti
474 2941 683 3015 defenderet,
716 2942 822 3027 ‘quod
845 2941 981 3007 Caesari
1005 2943 1204 3008 doctissimo
1229 2946 1309 3009 artis

244 3050 488 3132 grammaticae
526 3050 694 3134 placitum
733 3071 753 3114 a
787 3049 950 3114 Victore
991 3070 1130 3134 quoque
1166 3051 1203 3114 in
1238 3059 1309 3116 arte

243 3157 467 3240 grammatica
492 3156 534 3220 de
559 3155 698 3242 syllabis
723 3157 1024 3242 comprobaretur.
1073 3157 1139 3221 Sed
1163 3157 1310 3222 Victoris

243 3285 373 3328 nomen
418 3265 456 3328 in
494 3265 662 3328 Prisciani
701 3263 879 3328 codicibus
917 3285 1024 3328 manu
1064 3242 1198 3350 scriptis
1237 3286 1310 3329 nou

242 3371 410 3436 traditum
449 3380 510 3448 cst,
551 3370 612 3435 sed
646 3393 688 3434 ex
724 3373 883 3435 ‘auctore‘
919 3369 1154 3448 emendatum,
1194 3393 1308 3455 neque

243 3477 466 3542 Bondamum
489 3477 674 3542 Variarum
707 3477 898 3542 lectionum
932 3477 952 3540 l.
989 3477 1022 3541 Π
1049 3498 1082 3562 p.
1119 3477 1183 3542 3οῙ
1220 3475 1309 3561 fugit

241 3584 430 3668 legendum
465 3607 538 3649 esse
576 3584 865 3662 Victorinum,
914 3585 1082 3668 quoniam
1127 3583 1224 3651 locus
1264 3584 1310 3649 ad

242 3692 410 3757 Victorini
445 3699 553 3757 artem
588 3693 850 3774 grammaticam
874 3689 969 3755 GLK
992 3691 1039 3756 Vl
1062 3714 1095 3777 p.
1121 3693 1201 3778 22⁹
1235 3713 1308 3777 per-

241 3801 338 3879 tinct,
376 3820 446 3884 qua
469 3800 506 3863 in
529 3798 748 3884 paragrapho
774 3798 826 3863 ‘dc
851 3799 1001 3884 syllabis'
1028 3805 1168 3876 ‘octavo
1194 3800 1309 3884 iuquit

242 3907 498 3990 grammaticus,
535 3907 564 3970 si
600 3907 769 3990 excipitur
804 3905 847 3970 ab
876 3905 1023 3970 ilittcra
1048 3904 1232 3991 duplicata,
1269 3915 1308 3970 ut

241 4013 365 4092 Troiia,
397 4013 474 4091 silc,
493 4011 615 4091 Graiis,
634 4011 754 4077 Aiiax'.
802 4013 923 4096 Neque
941 4011 1074 4090 dubito,
1100 4014 1185 4096 quin
1202 4013 1307 4077 Zeno-

241 4120 321 4185 bius
344 4121 519 4186 Victorem
555 4119 734 4204 quendam
770 4117 1022 4202 significaverit,
1060 4121 1121 4204 qui
1144 4120 1211 4184 nisi
1234 4121 1307 4205 ipse

241 4229 442 4312 peregrinus
466 4234 575 4292 artem
599 4228 860 4310 grammaticam
884 4248 1003 4310 graece
1020 4227 1162 4311 scripsit.
1211 4226 1307 4307 Quae

242 4357 322 4400 cum
345 4337 393 4400 ita
418 4336 486 4400 sint
510 4333 622 4399 lacere
647 4354 719 4397 non
743 4355 896 4419 possum,
923 4335 1009 4418 quin
1026 4356 1046 4398 a
1062 4331 1201 4404 Rufino,
1228 4355 1307 4398 cum
