3230 5052
684 510 861 573 „21-

240 676 311 754 ima
345 711 425 754 cum
461 688 645 754 Sacerdote
682 689 884 752 nominatus
919 694 986 767 est,
1024 709 1104 752 cum
1139 686 1314 772 legamus:

241 795 418 861 ‘Sacerdos
442 796 504 880 qui
520 801 554 860 ct
569 795 749 862 Donatus'.
799 793 867 875 Qui
885 793 984 860 locus
1001 815 1107 878 quem
1123 795 1314 860 rectissime

241 902 418 968 codicibus
453 909 540 986 puto
574 901 743 967 traditum
771 923 854 981 esse,
892 901 1072 966 nonnullis
1094 903 1177 967 viris
1203 902 1315 967 doctis

242 1015 424 1095 corruptus
459 1008 651 1088 m'debatur,
688 1016 727 1075 ut
756 1010 788 1074 ei
811 1009 944 1074 mederi
968 1015 1185 1074 conarentur.
1232 1009 1313 1073 Jam

239 1117 401 1202 princeps
426 1115 531 1180 editio
555 1115 689 1196 Veneta
712 1115 855 1200 praebet
873 1114 1064 1194 ‘Sacerdos
1091 1115 1186 1200 quod
1210 1116 1314 1180 etiam

242 1223 360 1288 docuit
397 1223 578 1301 Donatus',
619 1244 709 1307 quae
748 1223 858 1306 magis
898 1222 1084 1308 explicatio
1121 1229 1172 1288 cst
1208 1243 1315 1308 quam

241 1329 447 1395 emendatio.
495 1330 610 1395 Etiam
626 1329 845 1410 Ritschclius,
867 1329 1001 1413 Parerg.
1027 1330 1044 1394 l
1059 1352 1092 1414 p.
1110 1329 1176 1394 360
1194 1329 1313 1394 locum

241 1444 443 1522 corruptum
482 1458 554 1502 esse
594 1436 721 1502 docuit.
784 1436 903 1502 Voluit
944 1435 1137 1516 ‘Sacerdos
1180 1438 1241 1521 qui
1280 1444 1328 1501 et·

241 1543 382 1622 Plotius,
407 1543 586 1608 Donatus‘.
635 1542 680 1608 At
696 1544 846 1608 nimium
863 1543 992 1608 recedit
1010 1543 1078 1608 hcc
1094 1545 1315 1628 propositum

241 1649 410 1730 atradita
445 1651 622 1736 scriptura,
660 1661 886 1736 quamquam,
924 1657 963 1714 ut
996 1651 1210 1715 sententiam
1236 1671 1314 1714 con-

240 1756 402 1837 firmaret,
443 1755 565 1822 afferre
604 1758 719 1842 potuit
753 1757 894 1822 Hieron.
937 1756 979 1820 de
1018 1757 1078 1821 vir.
1120 1755 1229 1820 illust.
1271 1757 1314 1820 80

243 1855 457 1943 ‘Firmianus
493 1865 554 1948 qui
578 1871 612 1929 et
634 1864 859 1929 Lactantius'.
910 1862 979 1928 Sed
1003 1843 1214 1949 Hieronymi
1236 1862 1313 1928 loco

240 1971 411 2036 habemus
436 1970 506 2035 duo
523 1972 741 2054 cognomina,
767 1972 901 2036 cumin
918 1970 1098 2036 Ritschelii
1115 1971 1313 2035 coniectura

240 2079 310 2142 sint
350 2098 545 2161 cognomen
581 2086 614 2143 et
649 2077 792 2162 gentile,
832 2084 872 2142 ut
910 2077 978 2142 loci
1012 2077 1113 2142 valde
1148 2078 1239 2142 inter
1273 2099 1310 2142 se

242 2182 414 2250 differant.
470 2184 650 2250 Praeterea
685 2183 807 2249 Rufini
841 2185 928 2249 ratio
965 2184 1104 2250 dicendi
1138 2205 1212 2249 non
1248 2184 1316 2248 sin-'

241 2291 369 2374 gularis
393 2298 454 2372 est,
493 2314 573 2357 cum
604 2293 709 2356 etiam
734 2291 829 2377 apud
852 2292 937 2356 alios
962 2292 1143 2376 scriptores
1168 2292 1314 2355 nomina

242 2398 398 2465 similiter
422 2399 608 2464 coniuncta
627 2400 857 2484 reperiuntur,
895 2406 935 2463 ut
959 2397 1055 2463 GLK
1077 2398 1125 2463 IV
1148 2420 1171 2483 p
1196 2399 1271 2476 552,
1284 2441 1313 2482 32

244 2504 408 2590 ‘plerique
434 2506 560 2572 docent
584 2513 618 2572 et
643 2507 897 2571 connexionem
922 2527 996 2571 csse
1020 2506 1057 2570 in
1082 2504 1313 2570 declinatione

241 2613 437 2693 verborum,
463 2635 570 2698 quam
593 2614 756 2679 Donatus
781 2612 875 2678 siluit
897 2612 953 2678 vel
978 2611 1157 2691 Scaurus’3
1182 2610 1311 2676 Anecd.

242 2719 341 2784 Helv.
378 2719 430 2784 ed.
468 2721 593 2803 Hagen
617 2718 676 2784 GL
701 2719 790 2799 vul,
817 2720 949 2804 15L24:
989 2721 1056 2785 ‘isti
1091 2725 1174 2784 sunt
1203 2718 1311 2797 modi,

243 2825 285 2890 de
321 2826 449 2911 quibus
485 2828 643 2892 tractavit
678 2826 864 2892 dividenda
888 2827 1048 2891 Donatus
1071 2827 1126 2891 vel
1152 2825 1311 2908 Sergius’.
1417 2845 1420 2849 ·

243 2932 340 3013 Quae
376 2955 456 2998 cum
489 2935 538 3000 ita
563 2935 631 2999 sint
653 2933 759 2999 Keilii
783 2934 991 2999 sententiam
1014 2933 1135 3019 probo,
1166 2933 1228 3016 qui
1252 2931 1311 2996 GL

243 3039 299 3120 IV,
335 3061 358 3126 p
393 3040 545 3105 XXXVI
578 3042 708 3106 Donati
741 3041 871 3107 librum
907 3063 987 3105 cum
1022 3046 1093 3106 arte
1119 3038 1313 3104 Sacerdotis

244 3148 471 3213 coniunctum
494 3146 600 3214 fuisse
626 3155 751 3228 censet,
787 3155 827 3213 ut
849 3147 1002 3213 Rufinus
1025 3147 1082 3212 hic
1105 3146 1193 3211 nihil
1218 3145 1314 3210 aliud

245 3256 457 3339 spectaverit,
504 3255 571 3320 nisi
616 3256 758 3320 tertium
805 3255 847 3320 de
893 3255 1011 3319 metris
1057 3253 1185 3318 librum
1233 3253 1313 3316 artis

244 3363 488 3445 grammaticae
520 3361 721 3428 Sacerdotis.
769 3363 813 3426 Et
847 3362 953 3427 talem
984 3360 1139 3426 codicem
1163 3359 1313 3423 etiama

245 3469 461 3534 Cassiodorio
486 3467 619 3534 factum
643 3491 716 3534 esse
741 3469 915 3554 exipsius
941 3468 1113 3553 excerptis
1135 3464 1231 3531 GLK
1247 3465 1311 3531 VII

245 3576 309 3640 21ss
334 3576 500 3660 scimusl)

353 3806 379 3873 1)
399 3809 495 3860 Locus
515 3807 698 3860 Cassiodorii
716 3807 765 3860 hic
785 3813 841 3861 est:
863 3811 877 3860 ‘.
952 3849 958 3860 .
979 3807 1113 3860 codicem
1127 3808 1214 3873 legat,
1225 3820 1314 3870 quem

244 3903 346 3950 nostra
375 3897 546 3949 curiositate
575 3897 776 3963 formavimus,
805 3896 838 3948 id
867 3903 912 3949 est
940 3902 1033 3949 artem
1052 3896 1170 3962 Donati,
1200 3896 1249 3948 cui
1277 3895 1314 3949 dc

246 3986 456 4054 orthographia
493 3987 602 4039 librum
640 3993 670 4039 et
707 3987 799 4039 alium
830 3985 867 4038 de
904 3986 1093 4052 etymologiis
1125 3985 1313 4052 inseruimus,

246 4082 384 4141 quartum
404 4091 522 4142 quoque
542 4075 579 4128 de
599 4077 802 4129 schematibus
822 4074 990 4128 Sacerdotis
1011 4074 1221 4139 adiunximus,
1242 4089 1314 4138 quo-

246 4183 314 4217 cum
341 4167 407 4218 loco
437 4181 589 4237 compares
618 4165 751 4219 Cassiod.
771 4183 790 4232 p
811 4164 892 4236 144‚7
912 4163 1062 4229 ‘codicem
1090 4164 1122 4215 in
1151 4178 1209 4229 quo
1237 4167 1314 4214 artes

246 4256 357 4307 Donati
389 4271 456 4307 cum
488 4256 664 4307 commentis
696 4255 758 4308 suis
790 4259 820 4307 et
850 4255 960 4306 librum
992 4252 1028 4306 de
1065 4252 1253 4319 etymologiis
1285 4255 1315 4303 et

246 4345 338 4397 alium
358 4327 468 4398 librum
487 4344 655 4398 Sacerdotis
675 4344 712 4396 de
733 4345 934 4396 schematibus
955 4385 960 4397 .
981 4383 987 4396 .
1008 4385 1013 4396 .
1035 4342 1158 4409 collegi'.
