3230 5052
674 465 848 529 ..53-

336 643 473 720 Verona,
511 642 572 727 qui
596 649 760 708 secuntur
783 665 816 729 p.
842 643 942 727 559y3,
973 650 1081 726 agunt
1110 644 1152 709 de
1178 645 1297 710 iambo

228 750 471 835 hipponacteo.
520 749 705 836 Exemplis
743 771 833 846 quae
856 751 986 816 inserta
1011 758 1101 829 sunt,
1140 759 1179 817 ut
1215 752 1295 832 dixi,

231 857 366 921 omissis
390 856 562 922 habemus
586 857 743 942 quinque
766 879 886 923 versus
909 857 987 923 hos:

243 1047 245 1051 Α
276 961 437 1030 ‘Ultimus
462 963 729 1049 amphibrachys
752 964 907 1029 velocem
931 964 1060 1054 claudit
1083 966 1250 1046 iambum,

277 1077 338 1134 aut
361 1070 527 1135 bacchius
552 1071 615 1136 erit
638 1069 719 1135 linis
744 1070 940 1137 discrimine
966 1072 1079 1137 nullo:

258 1177 385 1248 ‚utitur
408 1177 597 1263 Hipponax
621 1178 687 1243 hoc
711 1186 821 1244 metro
845 1180 1018 1244 maximus
1043 1188 1170 1244 auctor.

275 1282 470 1367 legitimum
492 1284 670 1350 interdum
695 1286 760 1351 sub
785 1287 919 1351 scaenis
942 1287 1043 1372 ponit
1065 1287 1233 1352 iambum.

276 1391 385 1456 utitur
407 1391 461 1456 his
485 1391 629 1456 Plautus
653 1394 771 1457 metris
796 1400 829 1457 et
852 1392 945 1457 mille
969 1397 1113 1478 poetae!

231 1499 278 1564 Ut
300 1499 454 1583 primum
477 1497 520 1564 de
536 1499 667 1583 origine
690 1500 796 1564 trium
819 1501 973 1585 priorum
997 1522 1161 1566 versuum
1185 1523 1296 1585 agam,

231 1605 287 1670 hic
312 1625 452 1690 quoquc
468 1605 603 1670 Keilius
626 1606 713 1671 mihi
737 1627 846 1672 errare
870 1607 1015 1686 videtur,
1042 1629 1123 1672 cum
1146 1608 1189 1672 de
1213 1609 1297 1694 Hip-

232 1713 389 1797 ponactis
413 1712 556 1778 invento
580 1711 752 1778 Rufinum
777 1720 936 1779 secutum
961 1735 1033 1779 esse
1051 1715 1299 1779 Terentianum

109 1869 116 1887 .
232 1841 262 1882 v.
289 1819 374 1883 2371
400 1818 552 1884 adnotet.
600 1819 799 1885 Terentiani
823 1821 917 1884 enim
940 1820 1037 1885 locus
1062 1828 1114 1886 est
1136 1820 1206 1886 hic:

362 1924 589 1990 Archilochus
614 1933 731 1991 autern
756 1928 920 1992 creticum
945 1928 1033 1992 sicut
1058 1927 1162 2007 dedic,

363 2055 473 2118 aeque
497 2033 652 2098 trimetro
675 2035 789 2098 iunxit
812 2035 1002 2120 Hipponax
1025 2035 1152 2121 pedem

362 2141 592 2205 novissimum
615 2140 834 2226 trisyllabum
859 2164 901 2206 ex
924 2143 1037 2226 prima
1060 2142 1158 2207 brevi

362 2246 474 2330 longis
499 2247 653 2313 duabus:
679 2248 885 2312 antibacchc
909 2269 1040 2314 nomen
1064 2256 1123 2314 est.

234 2371 385 2437 Rufinus
421 2378 538 2436 autem
563 2372 719 2438 versibus
744 2393 848 2458 supra
872 2371 984 2437 allatis
1008 2373 1188 2470 aliquanto
1223 2372 1302 2458 plus

234 2479 339 2544 tradit
355 2501 462 2564 quam
479 2479 574 2564 apud
590 2479 837 2559 Terentianum
853 2481 1054 2566 reperimus,
1073 2502 1152 2545 cum
1168 2486 1304 2567 praeter

234 2586 420 2651 bacchium
444 2587 549 2651 etiam
573 2587 850 2673 amphibrachyn
879 2588 946 2652 hoc
971 2589 1072 2653 metri
1095 2609 1206 2671 genus
1230 2585 1302 2652 elli-

236 2694 394 2758 cientem-
418 2693 571 2758 inducat.
632 2693 700 2760 Sed
739 2716 782 2759 ne
818 2715 949 2759 nomen
985 2694 1128 2779 quidem
1163 2694 1303 2759 alterius

234 2800 333 2886 pedis
358 2801 506 2886 sumpsit
530 2823 550 2866 a
574 2802 792 2880 Terentiano,
819 2802 880 2886 qui
902 2800 1059 2886 loquitur
1083 2801 1125 2866 de
1150 2801 1302 2866 antibac-

237 2908 312 2987 ch0‚
338 2930 417 2973 curn
433 2906 585 2973 Rufinus
608 2908 794 2974 bacchium
817 2909 983 2973 nominet.
1033 2909 1154 2992 ltaque
1180 2928 1303 2972 censeo

236 3016 502 3099 grammaticum
530 3014 802 3080 Antiochensem
837 3015 1036 3081 Terentiani
1071 3014 1188 3079 locum
1224 3020 1304 3079 ante

237 3122 356 3192 oculos
379 3143 452 3188 non
475 3123 647 3188 habuisse.
697 3123 766 3188 Sed
788 3123 922 3189 videbis
945 3121 1117 3188 Rufinum
1139 3122 1196 3186 hic
1221 3142 1304 3206 quo-

238 3251 305 3314 que
324 3229 541 3295 Victorinum
554 3238 713 3296 secutum
731 3253 813 3296 esse.
861 3231 1019 3294 Primum
1032 3231 1126 3294 enim
1140 3228 1234 3293 GLK
1246 3228 1304 3307 Vr,

237 3359 269 3423 p.
297 3338 415 3422 135‚15:
453 3337 660 3422 ‘Hipponax
697 3338 822 3422 inquit,
858 3339 1014 3402 trimetro
1047 3335 1197 3400 iambico
1227 3334 1304 3398 ulti-

238 3466 336 3509 mum
371 3444 530 3510 adiunxit
566 3444 811 3510 antibacchum
848 3466 889 3509 ex
916 3444 1029 3529 prima
1063 3443 1158 3508 brevi
1193 3442 1305 3525 longis

239 3553 397 3618 duabus?
456 3552 525 3634 Qui
547 3553 644 3618 locus
680 3575 760 3618 cum
784 3552 942 3618 versibus
966 3551 1166 3617 Terentiani
1201 3571 1306 3636 supra

239 3662 350 3727 citatis
374 3663 541 3726 maiorem
564 3662 670 3728 habet
688 3661 961 3740 similitudinem,
989 3681 1097 3745 quam
1120 3666 1160 3724 ut
1184 3679 1262 3722 eam
1287 3678 1306 3721 a

239 3791 295 3833 me
320 3769 548 3834 demonstrari
583 3775 748 3855 oporteat.
798 3768 866 3834 Sed
894 3774 1006 3834 exstat
1042 3767 1129 3832 alius
1165 3786 1306 3851 quoquc

238 3874 345 3955 loona,
382 3897 452 3961 quo
489 3877 531 3941 de
565 3883 765 3944 tetrametro
801 3877 922 3960 agitur,
959 3874 1055 3961 apud
1089 3873 1307 3938 Victorinum

239 4005 271 4067 p.
297 3983 395 4068 80‚13:
422 3983 508 4067 ‘lego
532 3991 710 4069 praeterea
744 3985 781 4048 in
805 3982 876 4048 fine
901 3982 1084 4047 dumtaxat
1120 3978 1308 4044 catalectici

170 4088 172 4092 ’
238 4092 430 4157 tetrametri
452 4091 638 4156 bacchium
673 4113 694 4156 a
717 4091 814 4156 brevi
836 4090 1062 4176 incipientem
1096 4086 1151 4153 vel
1175 4086 1307 4171 amphi-

240 4198 395 4285 brachyn
430 4205 571 4284 propter
605 4199 813 4263 novissimae
849 4197 1001 4282 syllabae
1036 4191 1308 4260 indifferentiam

241 4305 420 4371 admisisse
444 4305 637 4390 quosdam)
684 4304 799 4390 Atque
816 4302 986 4370 Rufinum
1010 4325 1045 4368 re
1069 4323 1149 4367 vera
1173 4306 1307 4365 sentcn-
