3230 5052
350 681 391 746 ln
415 682 521 747 altera
559 682 728 768 particula
764 684 954 770 scnptores
991 687 1052 770 qui
1087 679 1130 752 de
1165 709 1312 754 numero

243 789 391 854 oratorio
439 789 658 875 scripserunt,
710 789 824 856 collati
860 798 942 858 sunt
976 814 999 878 p
1031 793 1106 872 573,
1119 837 1214 879 Μ,
1238 801 1313 860 tam

243 896 357 979 graeci
380 917 423 961 ex
446 897 649 962 auctoritate
674 895 857 976 Ciceronis
875 919 983 982 quam
999 898 1099 966 latini
1123 921 1164 966 ex
1176 899 1312 968 Rufini:

245 1003 306 1067 ‘De
331 1003 580 1088 compositione
605 1011 638 1069 et
668 1005 822 1069 numeris
851 1005 1058 1090 etpedibus
1082 1008 1247 1087 oratoriis,
1272 1015 1312 1074 ut

244 1109 361 1175 Cicero
385 1109 478 1188 dicit,
513 1110 570 1175 isti
605 1111 815 1195 scripserunt
851 1111 945 1196 apud
982 1111 1141 1194 Graecos
1166 1114 1311 1202 Thrasy·

243 1216 398 1296 machus,
459 1217 658 1296 Naucrates,
713 1216 867 1301 Gorgiae,
913 1219 1084 1305 Ephorus,
1134 1221 1310 1301 Isocrateo,

245 1322 469 1402 Theodectes
497 1322 708 1404 Aristoteles,
733 1324 936 1390 Theodorus
975 1325 1173 1412 Byzantius,
1202 1327 1311 1394 Theo·

244 1430 416 1514 phrastus,
464 1430 689 1516 Hieroyrnus3
725 1431 831 1497 latine
868 1431 910 1498 de
934 1435 1088 1498 numeris
1111 1433 1157 1513 111,
1183 1433 1309 1514 Cicera,

245 1536 450 1615 Victoriana,
501 1537 683 1616 Eusebius,
730 1538 972 1620 Terentianus,
1008 1539 1127 1620 Varm,
1166 1541 1309 1620 Probus

244 1643 428 1724 Charisius,
464 1644 660 1724 Diomedes
697 1645 944 1727 QuintilianuS,
984 1648 1154 1728 Donatus,
1183 1649 1310 1727 Victor,

245 1750 402 1816 Servius'.
450 1751 494 1817 Et
518 1752 614 1836 quod
636 1751 723 1818 haec
748 1755 964 1819 enumeratio
989 1775 1062 1818 non
1086 1762 1137 1820 est
1171 1756 1209 1819 in
1239 1753 1311 1820 fine

244 1858 309 1923 sita
344 1859 592 1938 commentarii,
629 1859 829 1925 mirandum
867 1881 940 1925 non
979 1868 1039 1940 est,
1076 1862 1158 1946 quia
1196 1867 1311 1928 totum

244 1965 452 2050 opusculum
487 1965 729 2051 perturbatum
764 1973 824 2032 est.
873 1966 941 2032 Sed
976 1989 1018 2032 ex
1053 1969 1310 2053 comparatione

244 2093 324 2135 cum
363 2071 466 2137 simili
504 2071 580 2138 loco
614 2073 737 2158 pauo,
751 2117 774 2157 1,
810 2096 916 2159 quem
946 2096 1050 2160 supra
1090 2075 1310 2155 contulimus

243 2177 346 2263 plane
370 2185 466 2264 patet
489 2178 615 2245 latinos
639 2178 763 2259 fontan,
789 2181 918 2266 quibus
942 2180 1094 2247 Rufinus
1130 2202 1214 2246 usus
1250 2188 1310 2261 est,

244 2284 288 2350 ab
312 2286 388 2370 ipso
412 2287 624 2371 conscriptos
648 2308 730 2352 esse.

351 2392 387 2458 Si
420 2394 570 2478 priorem
606 2395 904 2460 enumerationem
947 2393 1099 2461 fontium
1134 2418 1166 2481 p.
1208 2396 1308 2480 565,1

244 2499 514 2581 consideramus
540 2501 657 2566 statim
679 2502 717 2565 in
741 2524 812 2587 qua
834 2524 870 2567 re
893 2509 1047 2568 vertatur
1071 2502 1173 2568 cardo
1204 2504 1311 2568 totius

245 2607 496 2690 cognoscimus
510 2629 591 2672 cum
613 2609 651 2672 in
666 2606 794 2674 iabulis
812 2610 1023 2674 comicorum
1047 2616 1081 2675 et
1102 2610 1312 2693 tragicorum

243 2721 427 2799 poetarum
451 2717 671 2780 ‘mensuram'
697 2737 770 2781 esse
799 2715 1038 2782 contendatur.
1087 2715 1312 2782 Manifestum

244 2827 296 2886 est
318 2820 385 2886 hoo
410 2828 529 2888 contra
553 2823 741 2888 sententias
771 2843 891 2888 eorum
927 2824 1095 2908 scriptum
1131 2845 1214 2902 esse,
1251 2825 1313 2909 qui

245 2927 310 2992 sub
334 2926 443 2992 linem
467 2929 684 3013 antiquitatis
707 2929 745 2993 in
768 2929 921 2994 Terentii
943 2927 1071 2994 fabulis
1094 2951 1214 2996 versus
1239 2951 1312 2995 esse

243 3033 475 3119 noluerant1)
522 3035 620 3117 Quae
645 3037 817 3102 sententia
846 3035 978 3102 redolet
1011 3036 1106 3105 locos
1131 3036 1311 3116 eiusmodi,

244 3141 357 3226 qualis
380 3141 505 3226 legitur
529 3142 624 3227 apud
657 3142 909 3223 Euanthium‘2)
946 3143 1102 3210 adlatum
1138 3141 1313 3209 aRufino

243 3270 277 3333 p.
303 3249 482 3334 551611,
508 3250 569 3334 qui
594 3250 754 3329 ‘Veteres
778 3241 905 3335 inquit,¹
937 3251 1000 3316 esti
1023 3251 1090 3336 ipsi
1114 3271 1254 3335 quoque
1275 3252 1313 3315 in

243 3357 362 3422 metris
374 3356 613 3440 neglegentius
629 3359 794 3441 [egerunt]
811 3357 955 3422 iambici
968 3379 1097 3437 versuo,
1119 3356 1204 3421 dum
1216 3364 1313 3422 taxat

243 3464 281 3526 in
306 3463 459 3528 secundo
484 3470 518 3529 et
530 3471 655 3549 quarto
670 3464 757 3544 1000,
770 3470 923 3529 tamena
940 3464 1100 3529 Terentio
1124 3465 1313 3530 vincuntur

244 3569 454 3635 resolutione
477 3570 582 3635 huius
605 3571 716 3650 metri,
742 3577 915 3655 quantum
946 3577 1070 3656 potest,
1107 3571 1313 3636 comminuti

245 3676 291 3742 ad
313 3678 502 3761 imaginem
535 3698 658 3763 prosae
694 3678 878 3743 orationis'.
927 3677 1033 3743 Cuius
1068 3679 1135 3743 loci
1181 3678 1313 3759 coord-

353 3891 380 3961 1)
399 3893 501 3959 Nuper
519 3893 610 3945 etiam
629 3893 718 3946 Mich.
738 3891 895 3945 Gitlbauer
913 3892 1141 3958 perversissima
1165 3891 1315 3944 sententia

245 3983 378 4034 Terentii
396 3981 513 4035 fabulas
532 3982 564 4034 in
584 3981 684 4034 medio
709 3997 782 4034 aevo
802 3983 900 4036 soluto
920 3997 1056 4034 sermone
1076 3981 1200 4048 scriptas
1219 3981 1313 4033 fuisse

245 4079 412 4125 commotus
442 4077 494 4139 est,
514 4076 548 4124 111
567 4073 599 4124 in
617 4071 823 4138 Adelphorum
842 4072 975 4124 editione
985 4071 1114 4124 Vindob.
1126 4069 1196 4124 1896
1207 4069 1311 4122 ordine

245 4163 404 4214 verborum
422 4165 537 4215 mutato
557 4163 689 4214 Terentii
717 4177 820 4215 versus
848 4162 1018 4214 restitueret
1046 4162 1149 4226 quales
1179 4176 1195 4211 a
1222 4164 1312 4225 poeta

217 4263 221 4269 ·
244 4251 311 4316 ipso
329 4249 402 4302 facti
422 4255 529 4306 essent.
785 4321 789 4328 Ι

353 4339 381 4406 2)
401 4340 446 4395 of.
473 4342 551 4393 Aelii
571 4341 682 4394 Donati
702 4345 858 4394 comment.
880 4337 1204 4410 111.1111111111ρ.19,6.
